{"items" : [
{"price":"3.5","name":"griffins creme filled lemon treats","description":"Package type Pkt. Volume size 250g. Cup price $1.40 / 100g.","id":"41154","barcode":"9400553009818"},
{"price":"3.8","name":"chux scourer heavy duty pads","description":"Volume size 3pack. Cup price $1.27 / 1ea.","id":"159656","barcode":"9318191902111"},
{"price":"4.0","name":"protex antibacterial bar soap aloe extract value pack","description":"Package type 90g bars. Volume size 3pack x 90g. Cup price $1.48 / 100g.","id":"709510","barcode":"8850006491003"},
{"price":"2.5","name":"countdown pancake mix buttermilk","description":"Volume size 350g. Cup price $0.71 / 100g.","id":"674571","barcode":"9339687029174"},
{"price":"2.9","name":"countdown gherkins green","description":"Volume size 670g. Cup price $0.43 / 100g.","id":"820166","barcode":"9400597027274"},
{"price":"2.5","name":"countdown pancake mix original shaker","description":"Volume size 350g. Cup price $0.71 / 100g.","id":"674570","barcode":"9339687029167"},
{"price":"2.0","name":"countdown apricots halves in juice","description":"Package type Can. Volume size 410g. Cup price $0.49 / 100g.","id":"263992","barcode":"9300633948719"},
{"price":"2.0","name":"countdown peaches sliced in juice","description":"Package type Can. Volume size 410g. Cup price $0.49 / 100g.","id":"263991","barcode":"9300633948740"},
{"price":"3.0","name":"macro organic soy milk","description":"Package type Carton. Volume size 1L. Cup price $3.00 / 1L.","id":"215455","barcode":"9300633903305"},
{"price":"4.0","name":"macro organic pasta spaghetti","description":"Volume size 500g. Cup price $0.80 / 100g.","id":"215450","barcode":"9300633903268"},
{"price":"2.0","name":"countdown pears slices in juice","description":"Package type Can. Volume size 410g. Cup price $0.49 / 100g.","id":"263993","barcode":"9300633948757"},
{"price":"3.0","name":"gregg's garlic powder","description":"Package type Box. Volume size 30g. Cup price $1.00 / 10g.","id":"259037","barcode":"9419741003668"},
{"price":"1.9","name":"jj wafers raspberry","description":"Volume size 100g. Cup price $1.90 / 100g.","id":"273791","barcode":"9414125000103"},
{"price":"4.2","name":"scotch brite scourer sponge no scratch multi purpose","description":"Volume size 1pack. Cup price $4.20 / 1ea.","id":"79521","barcode":"021200001833"},
{"price":"4.0","name":"dilmah green tea bags string and tag","description":"Volume size 20pack.","id":"425948","barcode":"9312631151930"},
{"price":"5.0","name":"kleenex tissues large n thick 3ply","description":"Package type Box. Volume size 95pack. Cup price $5.26 / 100ss.","id":"172610","barcode":"9310088002836"},
{"price":"3.4","name":"san remo pasta curly fettuccine no. 80","description":"Volume size 500g. Cup price $0.68 / 100g.","id":"195750","barcode":"9310155080019"},
{"price":"4.0","name":"macro organic pasta shells","description":"Volume size 500g. Cup price $0.80 / 100g.","id":"215449","barcode":"9300633903251"},
{"price":"4.0","name":"macro organic pasta penne","description":"Volume size 500g. Cup price $0.80 / 100g.","id":"215448","barcode":"9300633903244"},
{"price":"2.8","name":"countdown chocolate drops dark","description":"Volume size 200g. Cup price $1.40 / 100g.","id":"513585","barcode":""},
{"price":"2.5","name":"palmolive naturals liquid hand wash milk & honey","description":"Package type Pump. Volume size 250mL. Cup price $1.00 / 100mL.","id":"163936","barcode":"9300632026289"},
{"price":"2.8","name":"countdown chocolate chips dark","description":"Volume size 200g. Cup price $1.40 / 100g.","id":"513584","barcode":""},
{"price":"2.8","name":"countdown chocolate drops milk","description":"Volume size 200g. Cup price $1.40 / 100g.","id":"513583","barcode":""},
{"price":"2.5","name":"essentials choc buttons dark","description":"Volume size 290g. Cup price $0.86 / 100g.","id":"513582","barcode":"9400597018715"},
{"price":"3.0","name":"watties corn whole kernel","description":"Package type Can. Volume size 410g. Cup price $0.73 / 100g.","id":"18352","barcode":"9400547002436"},
{"price":"2.8","name":"countdown chocolate baking white drops","description":"Volume size 200g. Cup price $1.40 / 100g.","id":"513586","barcode":"9400597018753"},
{"price":"2.2","name":"essentials peas dehydrated","description":"Package type Packet. Volume size 100g. Cup price $2.20 / 100g.","id":"94700","barcode":"9300633947002"},
{"price":"2.0","name":"countdown fruit salad in juice","description":"Package type Can. Volume size 410g. Cup price $0.49 / 100g.","id":"263989","barcode":"9300633948733"},
{"price":"3.8","name":"arnotts chocolate biscuits butternut snap","description":"Volume size 200g. Cup price $1.90 / 100g.","id":"46829","barcode":"9310072010250"},
{"price":"2.5","name":"essentials choc buttons white","description":"Volume size 290g. Cup price $0.86 / 100g.","id":"513580","barcode":"9400597018692"},
{"price":"3.6","name":"continental sensations instant soup cauliflower & cheese 62g","description":"Volume size 2pack. Cup price $5.81 / 100g.","id":"80788","barcode":"9300830057566"},
{"price":"5.0","name":"kleenex tissues eucalyptus","description":"Package type Box. Volume size 140pack. Cup price $3.57 / 100ss.","id":"1475","barcode":"9310088002126"},
{"price":"3.5","name":"king soup mix pumpkin & turmeric","description":"Package type Pkt. Volume size 210g. Cup price $1.67 / 100g.","id":"159423","barcode":"9400593003012"},
{"price":"4.0","name":"macro organic almond milk unsweetened","description":"Package type Carton. Volume size 1L. Cup price $4.00 / 1L.","id":"901450","barcode":"9400597009744"},
{"price":"2.4","name":"sealord tuna chunk style in oil","description":"Package type Tear tab can. Volume size 95g. Cup price $2.53 / 100g.","id":"742575","barcode":"9415022032990"},
{"price":"3.4","name":"armada plastic bags snack","description":"Volume size 50pack. Cup price $0.07 / 1ea.","id":"824734","barcode":"9300633783402"},
{"price":"2.4","name":"sealord tuna chunk style in spring water","description":"Package type Tear tab can. Volume size 95g. Cup price $2.53 / 100g.","id":"742570","barcode":""},
{"price":"3.6","name":"countdown french dressing fat free","description":"Volume size 300mL. Cup price $1.20 / 100mL.","id":"251528","barcode":""},
{"price":"3.5","name":"ace scourer","description":"Volume size 6pack. Cup price $0.58 / 1ea.","id":"671296","barcode":"9420039513196"},
{"price":"3.4","name":"ace scourer sponge","description":"Volume size 2pack. Cup price $1.70 / 1ea.","id":"671295","barcode":"9420039513172"},
{"price":"3.2","name":"countdown piccalilli","description":"Volume size 400g. Cup price $0.80 / 100g.","id":"240687","barcode":"9414742022281"},
{"price":"3.8","name":"mtr indian dal fry","description":"Volume size 300g. Cup price $1.27 / 100g.","id":"752585","barcode":"8901042955988"},
{"price":"3.0","name":"gregg's onion powder","description":"Package type Box. Volume size 30g. Cup price $1.00 / 10g.","id":"260053","barcode":"9419741003811"},
{"price":"2.4","name":"griffin's muesli bars hundreds & thousands","description":"Package type 6pk. Volume size 180g. Cup price $1.33 / 100g.","id":"730791","barcode":"9400553745648"},
{"price":"2.8","name":"watties baked beanz lite","description":"Volume size 420g. Cup price $0.67 / 100g.","id":"265983","barcode":"9400547010714"},
{"price":"3.5","name":"bens original microwave rice basmati","description":"Package type Pouch. Volume size 250g. Cup price $1.40 / 100g.","id":"128952","barcode":"9310012060680"},
{"price":"3.6","name":"griffins biscuits vanilla wine","description":"Package type Pkt. Volume size 250g. Cup price $1.44 / 100g.","id":"271190","barcode":"9400553013846"},
{"price":"3.0","name":"griffins chocolate biscuits wheaten dark","description":"Package type Pkt. Volume size 200g. Cup price $1.50 / 100g.","id":"271191","barcode":"9400553003106"},
{"price":"3.2","name":"countdown chow chow","description":"Volume size 400g. Cup price $0.80 / 100g.","id":"240688","barcode":"9400582000718"},
{"price":"4.9","name":"tasti mega nuts nut bars peanut butter","description":"Package type 6pk. Volume size 240g. Cup price $2.04 / 100g.","id":"741695","barcode":"9403110064695"},
{"price":"3.6","name":"griffins biscuits superwine","description":"Volume size 250g. Cup price $1.44 / 100g.","id":"271184","barcode":""},
{"price":"5.2","name":"harpic white & shine toilet cleaner bleach gel fresh","description":"Volume size 450mL. Cup price $1.16 / 100mL.","id":"250481","barcode":"9300701601331"},
{"price":"2.7","name":"whiz pop bang glow sword","description":"Cup price $2.70 / 1ea.","id":"76068","barcode":"9310676411446"},
{"price":"3.0","name":"griffins digestive chocolate biscuits milk chocolate","description":"Volume size 200g. Cup price $1.50 / 100g.","id":"327006","barcode":"9400553438304"},
{"price":"3.7","name":"sealord sensations tuna olive oil","description":"Package type Can. Volume size 185g. Cup price $2.00 / 100g.","id":"451180","barcode":""},
{"price":"3.2","name":"countdown pickle mustard","description":"Volume size 400g. Cup price $0.80 / 100g.","id":"240692","barcode":"9414742022304"},
{"price":"4.6","name":"snacka changi chips salt & vinegar","description":"Volume size 150g. Cup price $3.07 / 100g.","id":"90357","barcode":"9414882456106"},
{"price":"1.8","name":"bluebird originals chips salt & vinegar","description":"Volume size 45g. Cup price $4.00 / 100g.","id":"138929","barcode":"9400566009553"},
{"price":"4.0","name":"dettol bar soap citrus fresh","description":"Package type 100g bars. Volume size 3pack. Cup price $1.33 / 100g.","id":"123002","barcode":"9300631448754"},
{"price":"2.29","name":"abc soy sauce sweet","description":"Volume size 275mL. Cup price $0.83 / 100mL.","id":"720977","barcode":"711844110083"},
{"price":"2.2","name":"mckenzie's pearl barley","description":"Volume size 500g. Cup price $0.44 / 100g.","id":"27298","barcode":"9310061120106"},
{"price":"3.0","name":"obento vinegar rice wine","description":"Volume size 250mL. Cup price $1.20 / 100mL.","id":"229400","barcode":"9310432400059"},
{"price":"5.05","name":"lipton ice tea peach","description":"Package type Bottle. Volume size 1.5L. Cup price $0.34 / 100mL.","id":"305224","barcode":"9310021039097"},
{"price":"3.0","name":"diamond pasta macaroni","description":"Volume size 500g. Cup price $0.60 / 100g.","id":"728012","barcode":"9400593002541"},
{"price":"3.5","name":"campbell's country ladle soup farmhouse vegetable canned","description":"Volume size 495g. Cup price $0.71 / 100g.","id":"45931","barcode":"9300644123501"},
{"price":"3.0","name":"bluebird originals chips chicken","description":"Volume size 150g. Cup price $2.00 / 100g.","id":"297517","barcode":"9400566004992"},
{"price":"3.0","name":"bluebird originals chips sour cream & chives","description":"Volume size 150g. Cup price $2.00 / 100g.","id":"297516","barcode":"9400566004985"},
{"price":"2.2","name":"countdown milk trim uht","description":"Package type Carton. Volume size 1L. Cup price $0.22 / 100mL.","id":"596967","barcode":""},
{"price":"3.0","name":"bluebird originals potato chips ready salted","description":"Volume size 150g. Cup price $2.00 / 100g.","id":"297515","barcode":"9400566004961"},
{"price":"3.0","name":"bluebird originals chips green onion","description":"Volume size 150g. Cup price $2.00 / 100g.","id":"297514","barcode":"9400566005005"},
{"price":"2.2","name":"countdown milk standard uht","description":"Package type Carton. Volume size 1L. Cup price $0.22 / 100mL.","id":"596964","barcode":"9400597021999"},
{"price":"3.0","name":"bluebird originals chips salt & vinegar","description":"Volume size 150g. Cup price $2.00 / 100g.","id":"297512","barcode":"9400566004978"},
{"price":"3.7","name":"monster ultra energy drink paradise","description":"Package type Single can. Volume size 500mL. Cup price $0.74 / 100mL.","id":"62911","barcode":"9342866000932"},
{"price":"3.79","name":"sorbent facial tissues silky white","description":"Package type Box. Volume size 224pack. Cup price $1.69 / 100ss.","id":"2370","barcode":"9414812295669"},
{"price":"3.5","name":"griffins cameo cremes creme filled original","description":"Package type Pkt. Volume size 250g. Cup price $1.40 / 100g.","id":"271161","barcode":"9400553008330"},
{"price":"2.0","name":"macro organic peeled tomatoes no added salt","description":"Package type Can. Volume size 400g. Cup price $0.50 / 100g.","id":"58895","barcode":"9339687106783"},
{"price":"4.4","name":"macro organic coconut shredded","description":"Volume size 200g. Cup price $2.20 / 100g.","id":"335088","barcode":"9300633203139"},
{"price":"1.9","name":"countdown pineapple crushed in syrup","description":"Package type Can. Volume size 425g. Cup price $0.45 / 100g.","id":"569110","barcode":"9400597021098"},
{"price":"4.0","name":"protex antibacterial bar soap fresh value pack","description":"Package type 90g bars. Volume size 3pack x 90g. Cup price $1.48 / 100g.","id":"709503","barcode":"8850006490990"},
{"price":"2.5","name":"special blend granulated instant coffee","description":"Volume size 90g. Cup price $2.78 / 100g.","id":"266800","barcode":"9400574009156"},
{"price":"3.4","name":"san remo pasta elbow italian no. 53","description":"Volume size 500g. Cup price $0.68 / 100g.","id":"39484","barcode":""},
{"price":"2.5","name":"special blend powdered instant coffee","description":"Volume size 90g. Cup price $2.78 / 100g.","id":"266801","barcode":"9400574009163"},
{"price":"4.0","name":"essentials toilet paper 12pk white 2ply","description":"Cup price $0.19 / 100ss.","id":"668930","barcode":"9400597022798"},
{"price":"2.0","name":"ottogi asian snack instant noodles","description":"Package type Cup. Volume size 62g. Cup price $3.23 / 100g.","id":"651497","barcode":"645175572640"},
{"price":"3.8","name":"arnotts shapes crackers fully loaded epic garlic bread","description":"Volume size 130g. Cup price $2.92 / 100g.","id":"314153","barcode":"9310072033464"},
{"price":"3.0","name":"diamond pasta penne","description":"Volume size 500g. Cup price $0.60 / 100g.","id":"728007","barcode":"9400593002534"},
{"price":"3.0","name":"healtheries herbal tea multivitamin sweet berry","description":"Package type Bags. Volume size 20pack.","id":"229666","barcode":"9400097043606"},
{"price":"2.0","name":"oreo creme filled biscuits original","description":"Volume size 128g. Cup price $1.56 / 100g.","id":"318506","barcode":"9300650452701"},
{"price":"3.0","name":"greggs onion flakes","description":"Package type Box. Volume size 20g. Cup price $1.50 / 10g.","id":"126978","barcode":"9419741003521"},
{"price":"3.8","name":"mtr indian dal makhani","description":"Volume size 300g. Cup price $1.27 / 100g.","id":"356673","barcode":"8901042957517"},
{"price":"3.7","name":"monster ultra energy drink rosa","description":"Package type Single can. Volume size 500mL. Cup price $0.74 / 100mL.","id":"124312","barcode":"9342866000987"},
{"price":"2.0","name":"watties tomatoes crushed & sieved","description":"Package type Can. Volume size 400g. Cup price $0.50 / 100g.","id":"328540","barcode":"9300657278830"},
{"price":"2.0","name":"watties chopped tomatoes in pur√©e","description":"Package type Can. Volume size 400g. Cup price $0.50 / 100g.","id":"328544","barcode":"9300657278823"},
{"price":"2.0","name":"macro organic spaghetti in tomato sauce","description":"Package type Can. Volume size 420g. Cup price $0.48 / 100g.","id":"757679","barcode":"9300633421366"},
{"price":"3.39","name":"glad snaplock plastic bags storage 26cmx38cm","description":"Volume size 15pack. Cup price $0.23 / 1ea.","id":"268812","barcode":"9415107116447"},
{"price":"2.4","name":"glad plastic wrap cling mini","description":"Package type Box. Volume size 15m. Cup price $0.16 / 1m.","id":"268814","barcode":"9415107056514"},
{"price":"3.0","name":"ace cleaning wipes absorbent","description":"Volume size 2pack. Cup price $1.50 / 1ea.","id":"671458","barcode":"9420039513288"},
{"price":"2.5","name":"countdown sweets kiwi party mix","description":"Volume size 230g. Cup price $1.09 / 100g.","id":"475120","barcode":"9400597016513"},
{"price":"4.5","name":"ace gloves medium","description":"Package type Twin pk.","id":"671455","barcode":"9420039512915"},
{"price":"2.8","name":"hansells baking powder","description":"Volume size 150g. Cup price $1.87 / 100g.","id":"358615","barcode":"9417986936796"},
{"price":"3.8","name":"v vitalise energy drink","description":"Package type Single can. Volume size 500mL. Cup price $0.76 / 100mL.","id":"315692","barcode":"9415767677203"},
{"price":"3.8","name":"mtr indian palak paneer","description":"Volume size 300g. Cup price $1.27 / 100g.","id":"356675","barcode":"8901042955995"},
{"price":"1.9","name":"countdown tomato sauce","description":"Package type Refill. Volume size 565g. Cup price $0.34 / 100g.","id":"312185","barcode":"9300633987305"},
{"price":"3.0","name":"greggs ground cloves","description":"Package type Box. Volume size 40g. Cup price $0.75 / 10g.","id":"265306","barcode":"9400574005844"},
{"price":"3.19","name":"glad snaplock plastic bags sandwich 170x180mm","description":"Volume size 25pack. Cup price $0.13 / 1ea.","id":"268818","barcode":"9415107107681"},
{"price":"2.9","name":"homegrown chilled juice orange","description":"Package type Single bottle. Volume size 400mL. Cup price $0.73 / 100mL.","id":"801487","barcode":""},
{"price":"5.5","name":"campbells real stock chicken stock liquid","description":"Package type Carton. Volume size 1L. Cup price $0.55 / 100mL.","id":"77750","barcode":"9300644043601"},
{"price":"3.5","name":"bens original microwave rice coconut chilli & lemongrass","description":"Package type Pouch. Volume size 250g. Cup price $1.40 / 100g.","id":"176829","barcode":"9310012060321"},
{"price":"4.5","name":"armada sandwich bags","description":"Volume size 65pack. Cup price $0.07 / 1ea.","id":"517081","barcode":"9300633595418"},
{"price":"4.8","name":"tasti fruitsies fruit sticks strawberry vanilla","description":"Package type 10pk. Volume size 200g. Cup price $2.40 / 100g.","id":"324173","barcode":"9403110048282"},
{"price":"0.0","name":"arnotts shapes fully loaded crackers ultimate cheese","description":"Volume size 130g.","id":"233940","barcode":""},
{"price":"3.0","name":"arnotts tim tam chocolate biscuits classic dark choc","description":"Volume size 200g. Cup price $1.50 / 100g.","id":"89972","barcode":"9310072012599"},
{"price":"2.4","name":"sealord sensations tuna chilli & lime","description":"Package type Tear tab can. Volume size 95g. Cup price $2.53 / 100g.","id":"451141","barcode":"9415022030316"},
{"price":"2.9","name":"karma drinks chilled juice razza raspberry lemonade","description":"Package type Can. Volume size 250mL. Cup price $1.16 / 100mL.","id":"190900","barcode":"9421906005301"},
{"price":"2.2","name":"aeroplane jelly lite crystals blueberry low sugar","description":"Package type Sachet. Volume size 2 x 9g. Cup price $12.22 / 100g.","id":"241109","barcode":"9300619572464"},
{"price":"3.0","name":"azure tissues large & thick 3 ply","description":"Package type Box. Volume size 95pack. Cup price $3.16 / 100ss.","id":"838752","barcode":"9300633743505"},
{"price":"4.0","name":"super mi instant noodles multi pack mi goreng bbq chicken","description":"Package type 85g each. Volume size 5pack. Cup price $0.94 / 100g.","id":"417499","barcode":"189686114758"},
{"price":"3.4","name":"san remo pasta vegeroni shapes","description":"Volume size 375g. Cup price $0.91 / 100g.","id":"3246","barcode":""},
{"price":"2.0","name":"countdown apricots halves in light syrup","description":"Package type Can. Volume size 415g. Cup price $0.48 / 100g.","id":"76897","barcode":"9300633768973"},
{"price":"2.5","name":"countdown sweets sour mix","description":"Volume size 220g. Cup price $1.14 / 100g.","id":"475126","barcode":"9400597016575"},
{"price":"3.9","name":"kings choice basmati rice white","description":"Package type Pkt. Volume size 1kg. Cup price $0.39 / 100g.","id":"13533","barcode":"9310998000342"},
{"price":"4.0","name":"carnation evaporated milk creamy","description":"Package type Can. Volume size 340mL. Cup price $1.18 / 100mL.","id":"150443","barcode":"7501058649942"},
{"price":"2.5","name":"countdown sweets snakes","description":"Volume size 220g. Cup price $1.14 / 100g.","id":"475125","barcode":""},
{"price":"2.5","name":"countdown sweets baby fish","description":"Volume size 180g. Cup price $1.39 / 100g.","id":"475124","barcode":"9400597016551"},
{"price":"3.8","name":"mcvities digestives biscuits original","description":"Volume size 355g. Cup price $1.07 / 100g.","id":"263343","barcode":"5000396054859"},
{"price":"2.2","name":"aeroplane jelly lite crystals watermelon low sugar","description":"Package type Sachet. Volume size 2 x 9g. Cup price $12.22 / 100g.","id":"240465","barcode":"9300619572440"},
{"price":"2.5","name":"ziploc sandwich bags extra large","description":"Volume size 30pack. Cup price $0.08 / 1ea.","id":"162204","barcode":""},
{"price":"2.4","name":"sealord sensations tuna olive oil","description":"Package type Tear tab can. Volume size 95g. Cup price $2.53 / 100g.","id":"451170","barcode":"9415022030323"},
{"price":"3.0","name":"arnotts tim tam chocolate biscuits chewy caramel","description":"Volume size 175g. Cup price $1.71 / 100g.","id":"117833","barcode":"9310072001210"},
{"price":"3.0","name":"kings choice long grain rice","description":"Volume size 1kg. Cup price $0.30 / 100g.","id":"316761","barcode":"9310998101018"},
{"price":"3.0","name":"griffins sensations chocolate biscuits mint treats","description":"Volume size 200g. Cup price $1.50 / 100g.","id":"298494","barcode":"9400553433125"},
{"price":"2.9","name":"homegrown chilled juice lemon honey & ginger","description":"Package type Single bottle. Volume size 400mL. Cup price $0.73 / 100mL.","id":"417027","barcode":""},
{"price":"1.1","name":"countdown water still spring","description":"Volume size 1.5L. Cup price $0.07 / 100mL.","id":"489992","barcode":"9400597017916"},
{"price":"3.7","name":"monster energy drink pipeline punch","description":"Package type Single can. Volume size 500mL. Cup price $0.74 / 100mL.","id":"803888","barcode":"9342866000772"},
{"price":"3.0","name":"continental cup a soup instant soup asian laksa 65g","description":"Volume size 2pack. Cup price $4.62 / 100g.","id":"142839","barcode":"9300667022850"},
{"price":"2.4","name":"sealord sensations tuna satay","description":"Package type Tear tab can. Volume size 95g. Cup price $2.53 / 100g.","id":"451167","barcode":"9415022030309"},
{"price":"0.0","name":"","description":"","id":"219675","barcode":""},
{"price":"4.0","name":"countdown coconut water","description":"Volume size 1L. Cup price $0.40 / 100mL.","id":"546615","barcode":"9300633626211"},
{"price":"3.0","name":"macro organic rice milk","description":"Package type Carton. Volume size 1L. Cup price $3.00 / 1L.","id":"701667","barcode":""},
{"price":"3.0","name":"countdown cones cornet","description":"Package type Boxed. Volume size 24pack. Cup price $3.13 / 100g.","id":"318711","barcode":"9300633989507"},
{"price":"3.8","name":"bell delights flavoured black tea bags chai spiced","description":"Volume size 24pack.","id":"162670","barcode":"9400570014123"},
{"price":"3.0","name":"arnotts tim tam chocolate biscuits double coat","description":"Volume size 200g. Cup price $1.50 / 100g.","id":"32257","barcode":"9310072013855"},
{"price":"3.9","name":"scotch brite scourer heavy duty","description":"Volume size 3pack. Cup price $1.30 / 1ea.","id":"157093","barcode":"051131502185"},
{"price":"3.3","name":"mrs rogers organic garlic powder","description":"Volume size 30g. Cup price $1.10 / 10g.","id":"172239","barcode":"9419740918505"},
{"price":"1.8","name":"bluebird originals chips ready salted","description":"Volume size 45g. Cup price $4.00 / 100g.","id":"139446","barcode":"9400566009546"},
{"price":"3.0","name":"greggs coriander flakes","description":"Volume size 7g. Cup price $4.29 / 10g.","id":"293804","barcode":"9400574005257"},
{"price":"3.5","name":"king soup mix pea and ham","description":"Package type Pkt. Volume size 210g. Cup price $1.67 / 100g.","id":"198840","barcode":""},
{"price":"3.0","name":"gregg's smoked paprika ground","description":"Package type Box. Volume size 30g. Cup price $1.00 / 10g.","id":"260072","barcode":"9419741003644"},
{"price":"1.9","name":"countdown pineapple pieces in natural juice","description":"Package type Can. Volume size 425g. Cup price $0.45 / 100g.","id":"568876","barcode":"9400597021050"},
{"price":"3.0","name":"wattie's very special soup creamy pumpkin canned","description":"Volume size 535g. Cup price $0.56 / 100g.","id":"265343","barcode":"9400547021390"},
{"price":"1.9","name":"countdown pineapple crushed in natural juice","description":"Package type Can. Volume size 425g. Cup price $0.45 / 100g.","id":"568877","barcode":"9400597021067"},
{"price":"1.9","name":"countdown pineapple sliced in syrup","description":"Package type Can. Volume size 425g. Cup price $0.45 / 100g.","id":"568878","barcode":"9400597021074"},
{"price":"3.5","name":"campbell's country ladle soup butternut pumpkin canned","description":"Volume size 505g. Cup price $0.69 / 100g.","id":"45795","barcode":"9300644123549"},
{"price":"2.5","name":"countdown soup tomato canned","description":"Volume size 420g. Cup price $0.60 / 100g.","id":"659135","barcode":"9300633696146"},
{"price":"2.0","name":"griffin's snax crackers sour cream & chives minis","description":"Volume size 135g. Cup price $1.48 / 100g.","id":"314314","barcode":"9400553460978"},
{"price":"3.6","name":"griffins cookie bear shrewsbury jam filled","description":"Package type Pkt. Volume size 195g. Cup price $1.85 / 100g.","id":"337202","barcode":""},
{"price":"3.3","name":"mrs rogers organic curry powder","description":"Volume size 30g. Cup price $1.10 / 10g.","id":"172422","barcode":"9419740918253"},
{"price":"2.8","name":"countdown worcester sauce","description":"Volume size 250mL. Cup price $1.12 / 100mL.","id":"230475","barcode":"9300633910020"},
{"price":"1.9","name":"countdown potatoes whole","description":"Package type Can. Volume size 410g. Cup price $0.46 / 100g.","id":"373818","barcode":"9300633218683"},
{"price":"5.0","name":"ecostore dishwash liquid fragrance free","description":"Volume size 500mL. Cup price $1.00 / 100mL.","id":"742382","barcode":"9420015011029"},
{"price":"3.7","name":"monster energy drink papillon","description":"Package type Can. Volume size 500mL. Cup price $0.74 / 100mL.","id":"231564","barcode":"9342866001113"},
{"price":"3.0","name":"greggs rubbed parsley","description":"Package type Box. Volume size 10g. Cup price $3.00 / 10g.","id":"265352","barcode":"9400574005318"},
{"price":"3.0","name":"greggs ground cayenne pepper","description":"Package type Box. Volume size 40g. Cup price $0.75 / 10g.","id":"265335","barcode":""},
{"price":"3.5","name":"king soup mix vegetable","description":"Package type Pkt. Volume size 210g. Cup price $1.67 / 100g.","id":"265336","barcode":"9414707093967"},
{"price":"3.5","name":"king soup mix minestrone","description":"Package type Pkt. Volume size 210g. Cup price $1.67 / 100g.","id":"265338","barcode":"9400564009104"},
{"price":"3.0","name":"greggs garlic granules","description":"Package type Box. Volume size 45g. Cup price $0.67 / 10g.","id":"265331","barcode":"9400574005929"},
{"price":"3.0","name":"greggs ground allspice","description":"Package type Box. Volume size 40g. Cup price $0.75 / 10g.","id":"265333","barcode":"9400574005813"},
{"price":"3.4","name":"pascall mints minties","description":"Volume size 170g. Cup price $2.00 / 100g.","id":"818966","barcode":""},
{"price":"3.4","name":"pascall sweets milkshake","description":"Volume size 170g. Cup price $2.00 / 100g.","id":"818967","barcode":""},
{"price":"3.7","name":"countdown mustard mild","description":"Volume size 250g. Cup price $1.48 / 100g.","id":"748932","barcode":"9300633384180"},
{"price":"3.0","name":"greggs ground mixed spice","description":"Package type Box. Volume size 30g. Cup price $1.00 / 10g.","id":"265339","barcode":"9400574005912"},
{"price":"3.0","name":"sunrice thick rice cakes original","description":"Volume size 150g. Cup price $2.00 / 100g.","id":"838796","barcode":"9310140007717"},
{"price":"2.99","name":"essentials baking soda bicarbonate","description":"Volume size 500g. Cup price $0.60 / 100g.","id":"251189","barcode":"9300633929640"},
{"price":"4.1","name":"countdown olives green stuffed","description":"Volume size 450g. Cup price $0.91 / 100g.","id":"524430","barcode":"9300633615253"},
{"price":"3.4","name":"san remo pasta penne no. 18","description":"Volume size 500g. Cup price $0.68 / 100g.","id":"35742","barcode":"9310155202336"},
{"price":"3.5","name":"eco serviettes lunch white 2ply","description":"Volume size 100pack. Cup price $0.04 / 1ea.","id":"789403","barcode":"9300633709358"},
{"price":"2.0","name":"nong shim asian shin ramen noodles","description":"Volume size 120g. Cup price $1.67 / 100g.","id":"32230","barcode":"031146150601"},
{"price":"2.4","name":"hi-chew sweets tropical mix","description":"Volume size 100g. Cup price $2.40 / 100g.","id":"150885","barcode":""},
{"price":"2.5","name":"wattie's condensed soup creamy chicken canned","description":"Volume size 420g. Cup price $0.60 / 100g.","id":"265340","barcode":"9400547021017"},
{"price":"3.0","name":"greggs ground turmeric","description":"Package type Box. Volume size 40g. Cup price $0.75 / 10g.","id":"265341","barcode":"9400574005974"},
{"price":"3.7","name":"monster energy drink","description":"Package type Single can. Volume size 500mL. Cup price $0.74 / 100mL.","id":"329812","barcode":"070847813903"},
{"price":"3.0","name":"greggs ground chinese five spice","description":"Package type Box. Volume size 40g. Cup price $0.75 / 10g.","id":"265326","barcode":"9400574005868"},
{"price":"3.5","name":"campbell's country ladle soup minestrone canned","description":"Volume size 495g. Cup price $0.71 / 100g.","id":"45777","barcode":"9300644123532"},
{"price":"3.0","name":"greggs ground coriander","description":"Package type Box. Volume size 30g. Cup price $1.00 / 10g.","id":"265320","barcode":""},
{"price":"3.2","name":"armada kitchen tidy bags large","description":"Package type Roll. Volume size 30pack. Cup price $0.11 / 1ea.","id":"64018","barcode":"9300633073657"},
{"price":"1.5","name":"essentials coconut cream","description":"Package type Can. Volume size 400mL. Cup price $0.38 / 100mL.","id":"31370","barcode":""},
{"price":"2.9","name":"maggi soup for a cup instant soup golden pumpkin 78g","description":"Volume size 4pack. Cup price $3.72 / 100g.","id":"265328","barcode":"9400556072734"},
{"price":"3.0","name":"greggs chopped chives","description":"Package type Box. Volume size 5g. Cup price $6.00 / 10g.","id":"265329","barcode":"9400574005134"},
{"price":"4.2","name":"dilmah ginger & peppermint tea bags fruit & herbal tea infusion","description":"Volume size 20pack.","id":"576286","barcode":""},
{"price":"3.4","name":"natures charm banana blossom in brine","description":"Package type Can. Volume size 510g. Cup price $0.67 / 100g.","id":"126593","barcode":"093856993640"},
{"price":"2.1","name":"countdown passionfruit pulp in syrup","description":"Package type Can. Volume size 170g. Cup price $1.24 / 100g.","id":"254421","barcode":"9300633945138"},
{"price":"3.6","name":"griffins gingernuts ginger biscuits original","description":"Volume size 250g. Cup price $1.44 / 100g.","id":"334390","barcode":""},
{"price":"3.5","name":"the natural confectionery co jelly sweets snakes","description":"Volume size 230g. Cup price $1.52 / 100g.","id":"211973","barcode":"9310434005788"},
{"price":"1.99","name":"protex antibacterial bar soap NZ manuka honey","description":"Package type Bar. Volume size 90g. Cup price $2.21 / 100g.","id":"157068","barcode":"8850006934586"},
{"price":"4.0","name":"red bull energy drink","description":"Package type Single can. Volume size 473mL. Cup price $0.85 / 100mL.","id":"327603","barcode":"9002490243319"},
{"price":"3.3","name":"mono foil refill","description":"Volume size 9m x 30cm wide. Cup price $0.37 / 1m.","id":"268823","barcode":"94150087"},
{"price":"3.2","name":"wattie's soup for one soup creamy tomato canned","description":"Volume size 300g. Cup price $1.07 / 100g.","id":"265311","barcode":"9400547015498"},
{"price":"2.8","name":"watties spaghetti cheesy","description":"Volume size 420g. Cup price $0.67 / 100g.","id":"6345","barcode":"9400547007653"},
{"price":"3.5","name":"mountain dew soft drink live wire","description":"Volume size 1.5L. Cup price $0.23 / 100mL.","id":"381680","barcode":"9414789301448"},
{"price":"3.6","name":"griffins chocolate biscuits jaffa thins","description":"Volume size 180g. Cup price $2.00 / 100g.","id":"32452","barcode":"9400553455332"},
{"price":"3.0","name":"kleenex extra care tissues aloe vera","description":"Package type Box. Volume size 95pack. Cup price $3.16 / 100ss.","id":"79502","barcode":"9310088002911"},
{"price":"3.8","name":"barilla pasta pipe rigate no. 91","description":"Volume size 500g. Cup price $0.76 / 100g.","id":"252253","barcode":"8076802085912"},
{"price":"3.6","name":"griffins chocolate biscuits chit chat","description":"Volume size 180g. Cup price $2.00 / 100g.","id":"32450","barcode":""},
{"price":"3.3","name":"mrs rogers organic onion powder","description":"Volume size 30g. Cup price $1.10 / 10g.","id":"172432","barcode":"9419740919656"},
{"price":"3.9","name":"scotch brite scouring pads non scratch","description":"Volume size 3pack. Cup price $1.30 / 1ea.","id":"157056","barcode":"051141373195"},
{"price":"3.0","name":"greggs cardamom powder","description":"Package type Box. Volume size 16g. Cup price $1.88 / 10g.","id":"128230","barcode":"9419741003835"},
{"price":"1.5","name":"countdown diced tomatoes italian basil oregano","description":"Package type Can. Volume size 400g. Cup price $0.38 / 100g.","id":"569804","barcode":"6400187021203"},
{"price":"1.9","name":"watties spaghetti in tomato sauce","description":"Volume size 220g. Cup price $0.86 / 100g.","id":"6351","barcode":"9400547003914"},
{"price":"3.0","name":"sun valley foods bread crumbs wholegrain","description":"Volume size 400g. Cup price $0.08 / 10g.","id":"267327","barcode":"9416050588817"},
{"price":"1.3","name":"ninety nine soft drink lemonade 99% sugar free","description":"Volume size 1.5L. Cup price $0.09 / 100mL.","id":"644232","barcode":"9419266000500"},
{"price":"4.99","name":"edmonds baking powder","description":"Package type Box. Volume size 400g. Cup price $1.25 / 100g.","id":"265149","barcode":"9414972100537"},
{"price":"3.3","name":"countdown mexican tortillas 460g","description":"Volume size 10pack. Cup price $0.72 / 100g.","id":"861021","barcode":"9339687088270"},
{"price":"1.3","name":"ninety nine ginger beer 99% sugar free","description":"Package type Bottle. Volume size 1.5L. Cup price $0.09 / 100mL.","id":"644230","barcode":"9419266000586"},
{"price":"2.4","name":"nice & natural nut bar chocolate salted caramel","description":"Package type 6pk. Volume size 180g. Cup price $1.33 / 100g.","id":"164566","barcode":""},
{"price":"2.4","name":"nice & natural nut bars trail mix","description":"Package type 6pk. Volume size 192g. Cup price $1.25 / 100g.","id":"332068","barcode":"9400563448652"},
{"price":"3.9","name":"mother earth oaty slices oat bars salted caramel","description":"Package type 6pk. Volume size 240g. Cup price $1.63 / 100g.","id":"827358","barcode":"9416050541515"},
{"price":"3.0","name":"wattie's pasta sauce tomato & herb","description":"Volume size 420g. Cup price $0.71 / 100g.","id":"279301","barcode":""},
{"price":"3.3","name":"mrs rogers eco pack mustard seeds organic","description":"Volume size 40g. Cup price $0.83 / 10g.","id":"84686","barcode":""},
{"price":"3.7","name":"sunrice microwave rice black rice","description":"Package type Pouch. Volume size 250g. Cup price $1.48 / 100g.","id":"252068","barcode":"9310140016566"},
{"price":"1.99","name":"edmonds cornflour fielders","description":"Package type Box. Volume size 300g. Cup price $0.66 / 100g.","id":"265151","barcode":"9414972100513"},
{"price":"5.0","name":"tasti nut butter bars salted caramel","description":"Package type 6pk. Volume size 210g. Cup price $2.38 / 100g.","id":"176301","barcode":"9403110062455"},
{"price":"3.0","name":"sun valley foods bread crumbs white","description":"Volume size 400g. Cup price $0.08 / 10g.","id":"267332","barcode":"9416050588718"},
{"price":"5.5","name":"campbells real stock beef stock liquid","description":"Package type Carton. Volume size 1L. Cup price $0.55 / 100mL.","id":"30825","barcode":"9300644043618"},
{"price":"3.0","name":"vitasoy soy milky soy milk regular","description":"Package type Carton. Volume size 1L. Cup price $3.00 / 1L.","id":"212840","barcode":"9310232100500"},
{"price":"4.8","name":"arnotts tim tam deluxe chocolate biscuits dark choc mint","description":"Volume size 175g. Cup price $2.74 / 100g.","id":"197245","barcode":"9310072032740"},
{"price":"2.0","name":"countdown stir fry sauce pad thai","description":"Package type Pouch. Volume size 150g. Cup price $1.33 / 100g.","id":"150171","barcode":"9400597036016"},
{"price":"3.0","name":"greggs lemon pepper seasoning","description":"Package type Pkt. Volume size 65g. Cup price $0.46 / 10g.","id":"265375","barcode":"9400574005233"},
{"price":"3.8","name":"arnotts shapes crackers pizza originals","description":"Volume size 190g. Cup price $2.00 / 100g.","id":"515173","barcode":"9310072028903"},
{"price":"0.0","name":"dove soap bar regular","description":"Volume size 2x90g.","id":"225912","barcode":""},
{"price":"3.8","name":"barilla pasta fusilli no. 98","description":"Volume size 500g. Cup price $0.76 / 100g.","id":"93383","barcode":"8076802085981"},
{"price":"2.5","name":"countdown biscuits hundreds & thousands","description":"Volume size 200g. Cup price $1.25 / 100g.","id":"825168","barcode":"9300633643782"},
{"price":"2.4","name":"nice & natural nut bars yoghurt","description":"Package type 6pk. Volume size 192g. Cup price $1.25 / 100g.","id":"332066","barcode":"9400563448669"},
{"price":"3.3","name":"mrs rogers eco pack fennel seeds organic","description":"Volume size 26g. Cup price $1.27 / 10g.","id":"85522","barcode":""},
{"price":"3.2","name":"sunrice microwave rice indian basmati","description":"Package type Pouch. Volume size 250g. Cup price $1.28 / 100g.","id":"267561","barcode":"9310140002408"},
{"price":"4.0","name":"real coco coconut water","description":"Volume size 1.25L. Cup price $0.32 / 100mL.","id":"243373","barcode":"9403108036048"},
{"price":"1.7","name":"maggi soup onion","description":"Package type Pkt. Volume size 32g. Cup price $5.31 / 100g.","id":"265384","barcode":"9400556007781"},
{"price":"3.0","name":"delmaine tomatoes diced with fresh basil","description":"Package type Can. Volume size 400g. Cup price $0.75 / 100g.","id":"270721","barcode":"9416107520050"},
{"price":"2.7","name":"pumped water lime rush","description":"Volume size 750mL. Cup price $0.36 / 100mL.","id":"325530","barcode":"9300675036337"},
{"price":"2.9","name":"watties tomatoes roast garlic & onion","description":"Package type Can. Volume size 400g. Cup price $0.73 / 100g.","id":"270715","barcode":""},
{"price":"3.8","name":"arnotts shapes crackers vegemite & cheese","description":"Volume size 165g. Cup price $2.30 / 100g.","id":"815345","barcode":"9310072031316"},
{"price":"2.0","name":"delmaine tomatoes crushed in juice","description":"Package type Can. Volume size 400g. Cup price $0.50 / 100g.","id":"270717","barcode":"9416107519542"},
{"price":"3.0","name":"continental cup a soup instant soup spring vegetable 60g","description":"Volume size 4pack. Cup price $5.00 / 100g.","id":"36580","barcode":"9300667004412"},
{"price":"3.0","name":"delmaine tomatoes diced with garlic & olve oil","description":"Package type Can. Volume size 400g. Cup price $0.75 / 100g.","id":"270719","barcode":"9416107520043"},
{"price":"1.7","name":"maggi soup mushroom","description":"Package type Pkt. Volume size 37g. Cup price $4.59 / 100g.","id":"265364","barcode":"9400556007804"},
{"price":"3.0","name":"greggs whole black peppercorns","description":"Package type Box. Volume size 35g. Cup price $0.86 / 10g.","id":"265365","barcode":"9400574005158"},
{"price":"1.7","name":"maggi soup cream of chicken","description":"Package type Pkt. Volume size 37g. Cup price $4.59 / 100g.","id":"265366","barcode":"9400556007811"},
{"price":"2.4","name":"sealord spreadables tuna spread original","description":"Package type Tear tab can. Volume size 90g. Cup price $2.67 / 100g.","id":"156724","barcode":"9415022033614"},
{"price":"3.0","name":"greggs ground cumin","description":"Package type Box. Volume size 40g. Cup price $0.75 / 10g.","id":"265367","barcode":"9400574005783"},
{"price":"3.0","name":"arnotts tim tam chocolate biscuits white","description":"Volume size 165g. Cup price $1.82 / 100g.","id":"332047","barcode":"9310072025155"},
{"price":"3.5","name":"watties salsa chilli beans medium","description":"Volume size 420g. Cup price $0.83 / 100g.","id":"280513","barcode":"9300657233358"},
{"price":"3.3","name":"mrs rogers eco pack ginger ground organic","description":"Volume size 30g. Cup price $1.10 / 10g.","id":"85314","barcode":"9419740918482"},
{"price":"3.0","name":"greggs ground garam masala","description":"Volume size 35g. Cup price $0.86 / 10g.","id":"265372","barcode":"9400574006711"},
{"price":"3.0","name":"greggs ground chilli","description":"Volume size 40g. Cup price $0.75 / 10g.","id":"265374","barcode":"9400574006728"},
{"price":"3.6","name":"countdown ranch dressing","description":"Volume size 300mL. Cup price $1.20 / 100mL.","id":"346206","barcode":"9300633151119"},
{"price":"3.8","name":"bushells instant coffee refill","description":"Volume size 100g. Cup price $3.80 / 100g.","id":"266689","barcode":"9325121000755"},
{"price":"3.0","name":"greggs rubbed sage","description":"Package type Box. Volume size 10g. Cup price $3.00 / 10g.","id":"265358","barcode":"9400574005332"},
{"price":"3.0","name":"mother energy drink kicked apple","description":"Package type Single can. Volume size 500mL. Cup price $0.60 / 100mL.","id":"590411","barcode":"1220000060234"},
{"price":"2.9","name":"essentials peanut butter smooth","description":"Volume size 375g. Cup price $0.77 / 100g.","id":"269954","barcode":"9414742037971"},
{"price":"3.0","name":"greggs whole poppy seeds","description":"Package type Box. Volume size 40g. Cup price $0.75 / 10g.","id":"265354","barcode":"9400574005752"},
{"price":"3.8","name":"bell delights flavoured black tea bags apple pie","description":"Volume size 24pack.","id":"253393","barcode":"9400570020056"},
{"price":"1.7","name":"countdown corn creamed","description":"Package type Can. Volume size 400g. Cup price $0.43 / 100g.","id":"492070","barcode":"9300633561482"},
{"price":"2.2","name":"essentials long grain rice","description":"Volume size 1kg. Cup price $0.22 / 100g.","id":"35007","barcode":"9300633350079"},
{"price":"3.3","name":"mrs rogers eco pack turmeric ground organic","description":"Volume size 35g. Cup price $0.94 / 10g.","id":"85547","barcode":"9419740919076"},
{"price":"3.5","name":"surv cups paper blue 270ml","description":"Volume size 12pack. Cup price $0.29 / 1ea.","id":"878709","barcode":"9420039547221"},
{"price":"3.0","name":"mother energy drink epic swell","description":"Package type Single can. Volume size 500mL. Cup price $0.60 / 100mL.","id":"82274","barcode":"1220000062009"},
{"price":"3.0","name":"greggs whole cloves","description":"Package type Box. Volume size 25g. Cup price $1.20 / 10g.","id":"265363","barcode":""},
{"price":"2.5","name":"mutti tomato paste double concentrate","description":"Package type Tube. Volume size 130g. Cup price $1.92 / 100g.","id":"290303","barcode":"80042532"},
{"price":"2.79","name":"frut o ice pops fruit flavoured","description":"Package type 750ml. Volume size 10pack. Cup price $0.37 / 100mL.","id":"186315","barcode":"9421015796992"},
{"price":"1.95","name":"maggi recipe base mediterranean meatballs","description":"Volume size 38g. Cup price $5.13 / 100g.","id":"479087","barcode":"9400556015403"},
{"price":"2.7","name":"mutti tomatoes cherry","description":"Package type Can. Volume size 400g. Cup price $0.68 / 100g.","id":"290300","barcode":"8005110550508"},
{"price":"2.5","name":"maggi fusian instant noodles cup soy & mild spice mi goreng","description":"Volume size 64g. Cup price $3.91 / 100g.","id":"700105","barcode":"9556001170774"},
{"price":"2.0","name":"macro organic baked beans in tomato sauce","description":"Package type Can. Volume size 420g. Cup price $0.48 / 100g.","id":"700589","barcode":"9300633227197"},
{"price":"3.8","name":"campbells real stock fish stock liquid","description":"Package type Carton. Volume size 500mL. Cup price $0.76 / 100mL.","id":"749857","barcode":"9300644703192"},
{"price":"4.0","name":"genevieves balsamic dressing sweet onion","description":"Volume size 125mL.","id":"184134","barcode":"9421902728624"},
{"price":"4.9","name":"tasti mega nuts nut bars nutty crunch","description":"Package type 6pk. Volume size 240g. Cup price $2.04 / 100g.","id":"750836","barcode":"9403110062738"},
{"price":"3.4","name":"chux cleaning cloth absorbent all purpose","description":"Volume size 2pack. Cup price $1.70 / 1ea.","id":"307071","barcode":""},
{"price":"3.0","name":"macro organic soy milk light","description":"Package type Carton. Volume size 1L. Cup price $3.00 / 1L.","id":"701668","barcode":"9300633226978"},
{"price":"1.4","name":"greggs jelly raspberry","description":"Package type Box. Volume size 85g. Cup price $1.65 / 100g.","id":"273801","barcode":"9400574004083"},
{"price":"4.0","name":"macro organic pasta fettuccine","description":"Volume size 500g. Cup price $0.80 / 100g.","id":"743071","barcode":"9300633363086"},
{"price":"2.8","name":"bell original black tea bags","description":"Volume size 30pack.","id":"267370","barcode":"9414982020016"},
{"price":"3.5","name":"campbell's soup chunky potato & bacon canned","description":"Volume size 505g. Cup price $0.69 / 100g.","id":"245580","barcode":"9300644700726"},
{"price":"2.9","name":"watties tomatoes indian style","description":"Package type Can. Volume size 400g. Cup price $0.73 / 100g.","id":"270778","barcode":"9400547017737"},
{"price":"2.0","name":"countdown peanuts salted","description":"Volume size 200g. Cup price $1.00 / 100g.","id":"450651","barcode":"9400597012003"},
{"price":"1.4","name":"greggs jelly strawberry","description":"Package type Box. Volume size 85g. Cup price $1.65 / 100g.","id":"273804","barcode":""},
{"price":"1.5","name":"oak baked beans in tomato sauce","description":"Volume size 420g. Cup price $0.35 / 100g.","id":"266024","barcode":"9400544002392"},
{"price":"1.5","name":"oak spaghetti in tomato sauce","description":"Volume size 420g. Cup price $0.35 / 100g.","id":"266027","barcode":"9400544002095"},
{"price":"2.7","name":"pump water NZ spring","description":"Package type Pump. Volume size 750mL. Cup price $0.36 / 100mL.","id":"153622","barcode":""},
{"price":"4.0","name":"trident instant noodles multi pack hot and spicy thai","description":"Package type 85g each. Volume size 4pack. Cup price $1.18 / 100g.","id":"63313","barcode":"9310182300210"},
{"price":"3.9","name":"mother earth oaty slices oat bars afghan","description":"Package type 6pk. Volume size 240g. Cup price $1.63 / 100g.","id":"700599","barcode":"9416050902200"},
{"price":"0.0","name":"powerade sports drink strawberry & lemon","description":"Volume size 750mL.","id":"256484","barcode":"9300667035065"},
{"price":"2.4","name":"nice & natural nut bars mixed berry","description":"Package type 6pk. Volume size 192g. Cup price $1.25 / 100g.","id":"797781","barcode":"9400563448638"},
{"price":"3.0","name":"kleenex facial tissues pocket packs","description":"Volume size 6pack x 9 sheet. Cup price $5.56 / 100ss.","id":"136070","barcode":"5029053003887"},
{"price":"3.6","name":"griffins chocolate biscuits thins","description":"Volume size 180g. Cup price $2.00 / 100g.","id":"34136","barcode":""},
{"price":"2.6","name":"savour japanese wasabi flavoured peas","description":"Volume size 100g. Cup price $2.60 / 100g.","id":"308172","barcode":"9310432001454"},
{"price":"3.3","name":"mrs rogers eco pack oregano organic","description":"Volume size 10g. Cup price $3.30 / 10g.","id":"85326","barcode":"9419740918772"},
{"price":"3.0","name":"watties corn cream style","description":"Package type Can. Volume size 410g. Cup price $0.73 / 100g.","id":"270760","barcode":""},
{"price":"3.3","name":"mrs rogers eco pack celery seeds organic","description":"Volume size 28g. Cup price $1.18 / 10g.","id":"85325","barcode":"9419740919526"},
{"price":"3.5","name":"bell original black tea bags","description":"Volume size 60pack.","id":"267363","barcode":"9414982020023"},
{"price":"3.5","name":"watties chilli beans mild","description":"Volume size 420g. Cup price $0.83 / 100g.","id":"266032","barcode":"9400547009374"},
{"price":"2.6","name":"golden sun corn whole baby gluten free","description":"Package type Can. Volume size 425g. Cup price $0.61 / 100g.","id":"270764","barcode":"9415472131199"},
{"price":"1.4","name":"countdown spaghetti tomato sauce","description":"Volume size 420g. Cup price $0.33 / 100g.","id":"47681","barcode":"9300633476816"},
{"price":"1.4","name":"countdown baked beans in tomato sauce","description":"Volume size 420g. Cup price $0.33 / 100g.","id":"47682","barcode":"9300633476823"},
{"price":"2.0","name":"high mark crispy noodles chicken flavour","description":"Volume size 140g. Cup price $1.43 / 100g.","id":"269527","barcode":"9415317031134"},
{"price":"1.9","name":"dole tropical pineapple slices in juice","description":"Package type Can. Volume size 227g. Cup price $0.84 / 100g.","id":"840785","barcode":"038900012441"},
{"price":"1.5","name":"essentials coconut milk","description":"Package type Can. Volume size 400mL. Cup price $0.38 / 100mL.","id":"694751","barcode":"9300633292393"},
{"price":"3.8","name":"sanitarium cereal ricies","description":"Volume size 275g. Cup price $1.38 / 100g.","id":"324624","barcode":"9414942801273"},
{"price":"1.7","name":"essentials toilet paper  4pk white","description":"Cup price $0.24 / 100ss.","id":"668269","barcode":"9400597022781"},
{"price":"4.5","name":"chia sisters brain boost fruit juice blackcurrant","description":"Volume size 200mL. Cup price $2.25 / 100mL.","id":"186775","barcode":"9421902964718"},
{"price":"3.6","name":"pearl river soy sauce light","description":"Volume size 500mL. Cup price $0.72 / 100mL.","id":"310220","barcode":""},
{"price":"3.6","name":"griffins malt biscuits","description":"Volume size 250g. Cup price $1.44 / 100g.","id":"335760","barcode":"9400553438779"},
{"price":"2.9","name":"watties tomatoes italian style","description":"Package type Can. Volume size 400g. Cup price $0.73 / 100g.","id":"270751","barcode":""},
{"price":"2.9","name":"watties tomatoes mexican style","description":"Package type Can. Volume size 400g. Cup price $0.73 / 100g.","id":"270752","barcode":"9400547009879"},
{"price":"6.0","name":"wattie's baked beans 420g","description":"Volume size 3pack. Cup price $0.48 / 100g.","id":"266022","barcode":"9400547025497"},
{"price":"3.0","name":"greggs rubbed oregano","description":"Package type Box. Volume size 10g. Cup price $3.00 / 10g.","id":"265175","barcode":"9419741001145"},
{"price":"3.5","name":"the natural confectionery co jelly sweets fruity stackers","description":"Package type Bag. Volume size 220g. Cup price $1.59 / 100g.","id":"195000","barcode":"9310434005641"},
{"price":"0.0","name":"arnotts shapes fully loaded crackers sizzling metalovers","description":"Volume size 130g.","id":"234457","barcode":""},
{"price":"6.0","name":"watties spaghetti in tomato sauce","description":"Volume size 3pack. Cup price $0.48 / 100g.","id":"266023","barcode":""},
{"price":"2.59","name":"kiwi serviettes lunch blue 2ply","description":"Volume size 50pack. Cup price $2.59 / 1ea.","id":"622611","barcode":"9421904160460"},
{"price":"3.3","name":"meadow fresh milk lite reduced fat uht","description":"Package type Carton. Volume size 1L. Cup price $3.30 / 1L.","id":"269759","barcode":"9414090282603"},
{"price":"0.0","name":"greggs whole black smoky peppercorns","description":"Volume size 30g.","id":"128248","barcode":""},
{"price":"3.8","name":"huntley & palmers crackers cream","description":"Volume size 230g. Cup price $1.65 / 100g.","id":"312644","barcode":"9400553436119"},
{"price":"4.9","name":"tasti mega nuts nut bars caramel","description":"Package type 6pk. Volume size 240g. Cup price $2.04 / 100g.","id":"364841","barcode":"9403110063544"},
{"price":"4.9","name":"tasti mega nuts nut bars double choc","description":"Package type 6pk. Volume size 240g. Cup price $2.04 / 100g.","id":"364842","barcode":"9403110063551"},
{"price":"4.9","name":"mother earth wellbeing muesli bars bliss chocolate brownie","description":"Package type 5pk. Volume size 200g. Cup price $2.45 / 100g.","id":"173483","barcode":"9416050591114"},
{"price":"1.8","name":"tastemaker white vinegar","description":"Volume size 750mL. Cup price $0.24 / 100mL.","id":"773361","barcode":""},
{"price":"3.4","name":"san remo pasta spaghetti no. 5","description":"Volume size 500g. Cup price $0.68 / 100g.","id":"43974","barcode":"9310155100434"},
{"price":"1.9","name":"countdown raw sugar","description":"Volume size 500g. Cup price $0.38 / 100g.","id":"642210","barcode":"9400597023047"},
{"price":"1.9","name":"countdown brown sugar","description":"Volume size 500g. Cup price $0.38 / 100g.","id":"642212","barcode":""},
{"price":"2.8","name":"countdown brown sugar","description":"Volume size 1kg. Cup price $0.28 / 100g.","id":"642211","barcode":""},
{"price":"3.8","name":"delmaine beans black in chilli sauce","description":"Package type Can. Volume size 390g. Cup price $0.97 / 100g.","id":"353960","barcode":"9416107522962"},
{"price":"3.0","name":"kleenex extra care tissues eucalyptus","description":"Package type Box. Volume size 95pack. Cup price $3.16 / 100ss.","id":"79492","barcode":"9310088002119"},
{"price":"3.3","name":"countdown soy sauce","description":"Volume size 500mL. Cup price $0.66 / 100mL.","id":"527329","barcode":"9300633615963"},
{"price":"1.7","name":"countdown sparkling water spring","description":"Volume size 1.5L. Cup price $0.11 / 100mL.","id":"514494","barcode":"9400597018920"},
{"price":"3.6","name":"continental sensations instant soup pumpkin & sour cream 70g","description":"Volume size 2pack. Cup price $5.14 / 100g.","id":"82418","barcode":"9300830057580"},
{"price":"5.0","name":"tasti nut bars choc almond","description":"Package type 6pk. Volume size 210g. Cup price $2.38 / 100g.","id":"364858","barcode":"9403110062882"},
{"price":"0.0","name":"countdown beetroot sliced","description":"Package type Can. Volume size 450g.","id":"699351","barcode":""},
{"price":"2.2","name":"aeroplane jelly lite crystals mango passionfruit low sugar","description":"Package type Sachet. Volume size 2 x 9g. Cup price $12.22 / 100g.","id":"348802","barcode":"9300619571689"},
{"price":"3.5","name":"golden sun gherkins short & sweet","description":"Volume size 680g. Cup price $0.51 / 100g.","id":"129396","barcode":"9421905557054"},
{"price":"1.8","name":"countdown peaches slices in light syrup","description":"Package type Can. Volume size 415g. Cup price $0.43 / 100g.","id":"92213","barcode":"9300633922139"},
{"price":"3.2","name":"countdown raisins","description":"Volume size 375g. Cup price $0.85 / 100g.","id":"726364","barcode":""},
{"price":"4.5","name":"countdown peppercorns black grinder","description":"Volume size 50g. Cup price $0.90 / 10g.","id":"334639","barcode":""},
{"price":"1.6","name":"countdown mixers diet tonic water","description":"Volume size 1.5L. Cup price $0.11 / 100mL.","id":"588717","barcode":"9400597021821"},
{"price":"1.6","name":"countdown mixers soda water","description":"Volume size 1.5L. Cup price $0.11 / 100mL.","id":"588718","barcode":"9400597021838"},
{"price":"3.5","name":"countdown sultanas","description":"Volume size 375g. Cup price $0.93 / 100g.","id":"726367","barcode":"9300633308360"},
{"price":"2.0","name":"sparkling duet soft drink lemonade","description":"Volume size 1.5L. Cup price $0.13 / 100mL.","id":"271896","barcode":"9300624015444"},
{"price":"3.3","name":"countdown jasmine rice","description":"Volume size 1kg. Cup price $0.33 / 100g.","id":"601342","barcode":""},
{"price":"2.8","name":"countdown caster sugar","description":"Volume size 1kg. Cup price $0.28 / 100g.","id":"642215","barcode":"9400597023085"},
{"price":"2.0","name":"sparkling duet soft drink diet lemonade","description":"Volume size 1.5L. Cup price $0.13 / 100mL.","id":"271898","barcode":""},
{"price":"1.9","name":"countdown creamed rice vanilla","description":"Package type Can. Volume size 420g. Cup price $0.45 / 100g.","id":"273835","barcode":"9414742027781"},
{"price":"3.49","name":"sun valley foods sago dessert","description":"Volume size 500g. Cup price $0.70 / 100g.","id":"273829","barcode":"9416050589210"},
{"price":"2.6","name":"sealord tuna & crackers original","description":"Package type (6 crackers). Volume size 106g. Cup price $2.45 / 100g.","id":"237532","barcode":"9415022030101"},
{"price":"3.4","name":"pascall jelly sweets fruit jubes","description":"Volume size 180g. Cup price $1.89 / 100g.","id":"819305","barcode":"9300617074250"},
{"price":"3.4","name":"diamond rice risotto chicken","description":"Volume size 200g. Cup price $1.70 / 100g.","id":"269566","barcode":"9415177420314"},
{"price":"2.5","name":"arnotts jatz crackers original","description":"Package type Box. Volume size 225g. Cup price $1.11 / 100g.","id":"384250","barcode":"9310072026404"},
{"price":"3.8","name":"v blue drink","description":"Package type Single can. Volume size 500mL. Cup price $0.76 / 100mL.","id":"705699","barcode":"9415767624207"},
{"price":"3.5","name":"bens original fibre+ microwave rice beans, garlic & brown rice","description":"Package type Pouch. Volume size 180g. Cup price $1.94 / 100g.","id":"200247","barcode":"9310012061021"},
{"price":"3.1","name":"countdown white sugar","description":"Volume size 1.5kg. Cup price $0.21 / 100g.","id":"656882","barcode":"9400597023443"},
{"price":"2.7","name":"dilmah black tea bags tagless","description":"Volume size 30pack.","id":"267390","barcode":"9312631000900"},
{"price":"3.8","name":"arnotts shapes crackers cheddar","description":"Volume size 175g. Cup price $2.17 / 100g.","id":"384244","barcode":"9310072026282"},
{"price":"1.99","name":"protex antibacterial bar soap gentle sensitive skin","description":"Package type Bar. Volume size 90g. Cup price $2.21 / 100g.","id":"268002","barcode":"9400541044029"},
{"price":"4.8","name":"masterfoods mustard wholegrain","description":"Package type Jar. Volume size 175g. Cup price $2.74 / 100g.","id":"32822","barcode":"93718714"},
{"price":"3.0","name":"bluebird thick cut chips ready salted","description":"Volume size 150g. Cup price $2.00 / 100g.","id":"297605","barcode":"9400566005173"},
{"price":"3.0","name":"greggs rubbed thyme","description":"Package type Box. Volume size 15g. Cup price $2.00 / 10g.","id":"265199","barcode":"9400574005363"},
{"price":"3.0","name":"bluebird thin cut chips sour cream & chives","description":"Volume size 140g. Cup price $2.14 / 100g.","id":"297604","barcode":"9400566008129"},
{"price":"3.0","name":"bluebird thin cut chips ready salted","description":"Volume size 140g. Cup price $2.14 / 100g.","id":"297603","barcode":"9400566008105"},
{"price":"3.0","name":"bluebird thin cut chips salt & vinegar","description":"Volume size 140g. Cup price $2.14 / 100g.","id":"297602","barcode":"9400566008112"},
{"price":"3.0","name":"bluebird thin cut chips chicken","description":"Volume size 140g. Cup price $2.14 / 100g.","id":"297601","barcode":"9400566008099"},
{"price":"1.7","name":"trident instant rice noodles single vietnamese chicken flavour","description":"Volume size 55g. Cup price $3.09 / 100g.","id":"204613","barcode":"9310560010892"},
{"price":"0.0","name":"watties beetroot sliced","description":"Package type Can. Volume size 450g.","id":"742841","barcode":""},
{"price":"1.7","name":"trident instant rice noodles single vietnamese style beef flavour","description":"Volume size 55g. Cup price $3.09 / 100g.","id":"204611","barcode":""},
{"price":"2.5","name":"wattie's tomato puree for sauces, casseroles, soups","description":"Volume size 410g. Cup price $0.61 / 100g.","id":"279356","barcode":"9400547002818"},
{"price":"3.8","name":"barilla pasta penne rigate no. 73","description":"Volume size 500g. Cup price $0.76 / 100g.","id":"83764","barcode":"8076802085738"},
{"price":"0.0","name":"mrs rogers eco pack organic coriander leaves","description":"Volume size 7g.","id":"171700","barcode":""},
{"price":"2.3","name":"countdown pasta fettuccine","description":"Volume size 500g. Cup price $0.46 / 100g.","id":"346835","barcode":"9300633207298"},
{"price":"3.19","name":"sun valley foods semolina fine","description":"Volume size 600g. Cup price $0.53 / 100g.","id":"312849","barcode":"9416050589319"},
{"price":"1.4","name":"greggs jelly blackberry","description":"Package type Box. Volume size 85g. Cup price $1.65 / 100g.","id":"273811","barcode":""},
{"price":"3.0","name":"healtheries green tea pure","description":"Volume size 20pack.","id":"191774","barcode":"9400097035243"},
{"price":"1.4","name":"greggs jelly lemon","description":"Package type Box. Volume size 85g. Cup price $1.65 / 100g.","id":"273813","barcode":"9400574004045"},
{"price":"2.3","name":"countdown pasta spaghetti","description":"Volume size 500g. Cup price $0.46 / 100g.","id":"346830","barcode":"9300633207243"},
{"price":"5.0","name":"cuddly fabric softener conditioner sensitive","description":"Volume size 1L. Cup price $5.00 / 1L.","id":"699323","barcode":""},
{"price":"3.5","name":"tasti oat bars choc chip","description":"Package type 5pk. Volume size 150g. Cup price $2.33 / 100g.","id":"271879","barcode":"9403110065937"},
{"price":"2.3","name":"countdown pasta spirals","description":"Volume size 500g. Cup price $0.46 / 100g.","id":"346833","barcode":"9300633207274"},
{"price":"1.4","name":"greggs jelly lime","description":"Package type Box. Volume size 85g. Cup price $1.65 / 100g.","id":"273815","barcode":""},
{"price":"4.39","name":"watties tomato sauce","description":"Package type Refill. Volume size 575g. Cup price $0.76 / 100g.","id":"270378","barcode":"9400547007394"},
{"price":"3.9","name":"mother earth oaty slices oat bars raspberry & white choc","description":"Package type 6pk. Volume size 240g. Cup price $1.63 / 100g.","id":"334842","barcode":"9416050901289"},
{"price":"3.0","name":"diamond pasta spaghetti","description":"Volume size 500g. Cup price $0.60 / 100g.","id":"727664","barcode":"9400593002527"},
{"price":"3.7","name":"sealord sensations tuna smoked flavour","description":"Package type Can. Volume size 185g. Cup price $2.00 / 100g.","id":"201355","barcode":"9415022030781"},
{"price":"3.8","name":"campbells real stock beef stock liquid","description":"Package type Carton. Volume size 500mL. Cup price $0.76 / 100mL.","id":"93351","barcode":"9300644143462"},
{"price":"4.2","name":"countdown aioli extreme garlic","description":"Volume size 250mL. Cup price $1.68 / 100mL.","id":"87916","barcode":"9400597032186"},
{"price":"4.2","name":"countdown tartare sauce","description":"Volume size 250mL. Cup price $1.68 / 100mL.","id":"87914","barcode":"9400597032179"},
{"price":"4.2","name":"countdown mayonnaise chipotle","description":"Volume size 250mL. Cup price $1.68 / 100mL.","id":"87913","barcode":"9400597032162"},
{"price":"3.0","name":"pringles chips minis sour cream & onion 95g","description":"Package type Multipack. Volume size 5pack. Cup price $3.16 / 100g.","id":"816095","barcode":"8886467103506"},
{"price":"4.8","name":"arnotts tim tam deluxe chocolate biscuits salted caramel brownie","description":"Volume size 175g. Cup price $2.74 / 100g.","id":"197288","barcode":"9310072032771"},
{"price":"2.8","name":"countdown icing sugar","description":"Volume size 1kg. Cup price $0.28 / 100g.","id":"642263","barcode":""},
{"price":"3.5","name":"mother earth fruit sticks blueberry","description":"Package type 8pk. Volume size 152g. Cup price $2.30 / 100g.","id":"334839","barcode":"9416050901272"},
{"price":"3.0","name":"continental cup a soup instant soup tomato 80g","description":"Volume size 4pack. Cup price $3.75 / 100g.","id":"186167","barcode":"9300667029422"},
{"price":"3.0","name":"diamond pasta spaghetti wholemeal","description":"Volume size 500g. Cup price $0.60 / 100g.","id":"727658","barcode":"9400593002619"},
{"price":"2.2","name":"essentials serviettes plain white 1ply","description":"Volume size 100pack. Cup price $0.02 / 1ea.","id":"94672","barcode":"9300633946722"},
{"price":"3.0","name":"continental cup a soup instant soup cream of chicken 75g","description":"Volume size 4pack. Cup price $4.00 / 100g.","id":"186169","barcode":""},
{"price":"3.0","name":"continental cup a soup instant soup cream of mushroom 70g","description":"Volume size 4pack. Cup price $4.29 / 100g.","id":"186170","barcode":"9300667029415"},
{"price":"3.0","name":"raven dish brush anti bacterial","description":"Package type Each. Cup price $3.00 / 1ea.","id":"271452","barcode":"9415257080582"},
{"price":"3.7","name":"sealord sensations tuna tomato & basil","description":"Package type Can. Volume size 185g. Cup price $2.00 / 100g.","id":"201372","barcode":"9415022030798"},
{"price":"2.7","name":"bell special blend kenya bold black tea bags","description":"Volume size 24pack.","id":"761571","barcode":"9414982020894"},
{"price":"5.0","name":"san remo gluten free brown rice pasta spirals","description":"Volume size 250g. Cup price $2.00 / 100g.","id":"647706","barcode":"9310155005524"},
{"price":"5.5","name":"campbells real stock vegetable stock liquid","description":"Package type Carton. Volume size 1L. Cup price $0.55 / 100mL.","id":"30856","barcode":"9300644043625"},
{"price":"5.0","name":"san remo gluten free brown rice pasta spaghetti","description":"Volume size 250g. Cup price $2.00 / 100g.","id":"647705","barcode":"9310155005500"},
{"price":"3.49","name":"sorbent tissues pocket pack 4ply","description":"Volume size 6pack. Cup price $5.82 / 100ss.","id":"317491","barcode":""},
{"price":"2.0","name":"pacific crown mackerel in tomato sauce","description":"Package type Can. Volume size 425g. Cup price $0.47 / 100g.","id":"270117","barcode":"9415795110109"},
{"price":"2.0","name":"watties tomatoes chopped in juice","description":"Package type Can. Volume size 400g. Cup price $0.50 / 100g.","id":"295614","barcode":"9300657129163"},
{"price":"3.6","name":"griffins coconut biscuits krispies","description":"Volume size 250g. Cup price $1.44 / 100g.","id":"28514","barcode":"9400553015116"},
{"price":"4.2","name":"dixon rubber bands cellopack","description":"Volume size 30g.","id":"26338","barcode":"9415888650055"},
{"price":"3.7","name":"sealord sensations tuna savoury onion","description":"Package type Can. Volume size 185g. Cup price $2.00 / 100g.","id":"201385","barcode":"9415022031153"},
{"price":"0.0","name":"mrs rogers eco pack juniper berries organic","description":"Volume size 20g.","id":"85515","barcode":""},
{"price":"3.7","name":"sealord sensations tuna lemon pepper","description":"Package type Can. Volume size 185g. Cup price $2.00 / 100g.","id":"201383","barcode":"9415022030804"},
{"price":"3.5","name":"countdown potato salad dressing","description":"Volume size 500mL. Cup price $0.70 / 100mL.","id":"720804","barcode":"9300633294809"},
{"price":"3.2","name":"active dishwash liquid cucumber & lime","description":"Volume size 400mL. Cup price $0.80 / 100mL.","id":"143444","barcode":"9421005450187"},
{"price":"3.4","name":"leggo's bolognese pasta sauce red wine tomato & herbs","description":"Volume size 500g. Cup price $0.68 / 100g.","id":"451922","barcode":"9300645111149"},
{"price":"1.2","name":"pure NZ water spring","description":"Volume size 1.5L. Cup price $0.08 / 100mL.","id":"751987","barcode":"9421902263026"},
{"price":"4.5","name":"kara coconut cream natural","description":"Package type Carton. Volume size 500mL. Cup price $9.00 / 1L.","id":"308307","barcode":"8886303210504"},
{"price":"1.3","name":"ninety nine soft drink cola 99% sugar free","description":"Volume size 1.5L. Cup price $0.09 / 100mL.","id":"644220","barcode":"9419266000555"},
{"price":"0.0","name":"good sh*t ginger pre+biotic soda","description":"Package type Single can. Volume size 330mL.","id":"175271","barcode":""},
{"price":"2.9","name":"heartland chips southern salt","description":"Volume size 150g. Cup price $1.93 / 100g.","id":"746171","barcode":"9421902213007"},
{"price":"2.3","name":"countdown tinned apples fruit pie slices","description":"Package type Can. Volume size 385g. Cup price $0.60 / 100g.","id":"565830","barcode":"9300633630249"},
{"price":"2.9","name":"karma drinks karma cola organic","description":"Package type Single can. Volume size 250mL. Cup price $1.16 / 100mL.","id":"175030","barcode":"9421902090349"},
{"price":"2.9","name":"heartland chips salt & vinegar","description":"Volume size 150g. Cup price $1.93 / 100g.","id":"746174","barcode":"9421902213014"},
{"price":"1.3","name":"ninety nine soft drink orange 99% sugar free","description":"Volume size 1.5L. Cup price $0.09 / 100mL.","id":"644222","barcode":""},
{"price":"5.0","name":"san remo pasta penne brown rice gluten free","description":"Volume size 250g. Cup price $2.00 / 100g.","id":"647730","barcode":"9310155005517"},
{"price":"2.99","name":"mono magic foil non stick","description":"Volume size 5m. Cup price $0.60 / 1m.","id":"725497","barcode":"9415107404551"},
{"price":"3.7","name":"griffins snax crackers original","description":"Volume size 250g. Cup price $1.48 / 100g.","id":"312806","barcode":"9400553436485"},
{"price":"3.0","name":"mother energy drink passion","description":"Package type Single can. Volume size 500mL. Cup price $0.60 / 100mL.","id":"678202","barcode":"1220000061200"},
{"price":"3.3","name":"mrs rogers eco pack basil organic","description":"Volume size 10g. Cup price $3.30 / 10g.","id":"83320","barcode":"9419740918031"},
{"price":"5.0","name":"ecostore dishwash liquid lemon","description":"Volume size 500mL. Cup price $1.00 / 100mL.","id":"272767","barcode":""},
{"price":"3.6","name":"griffins cookie bear biscuits 100s & 1000s","description":"Package type Pkt. Volume size 200g. Cup price $1.80 / 100g.","id":"47261","barcode":"9400553006985"},
{"price":"4.0","name":"bluebird originals multipack chips ready salted 108g","description":"Volume size 6pack. Cup price $3.70 / 100g.","id":"198127","barcode":"9400566009959"},
{"price":"5.5","name":"campbells real stock mushroom stock liquid","description":"Package type Carton. Volume size 1L. Cup price $0.55 / 100mL.","id":"258051","barcode":"9300644706704"},
{"price":"1.2","name":"kiwi blue water still","description":"Volume size 1.5L. Cup price $0.08 / 100mL.","id":"263880","barcode":"029470000105"},
{"price":"3.0","name":"golden sun peppers sliced jalapeno gluten free","description":"Volume size 360g. Cup price $0.83 / 100g.","id":"264733","barcode":"9415472141730"},
{"price":"2.0","name":"pacific crown mackerel in oil","description":"Package type Can. Volume size 425g. Cup price $0.47 / 100g.","id":"270179","barcode":"9415795110055"},
{"price":"3.6","name":"nesquik milk mixes strawberry","description":"Package type Can. Volume size 250g. Cup price $1.44 / 100g.","id":"33890","barcode":"9300605120716"},
{"price":"3.4","name":"pascall chocolates pineapple lumps","description":"Volume size 120g. Cup price $2.83 / 100g.","id":"237591","barcode":"9300617300953"},
{"price":"2.7","name":"pumped water mango","description":"Package type Sipper top. Volume size 750mL. Cup price $0.36 / 100mL.","id":"944096","barcode":"9300675070096"},
{"price":"3.79","name":"dettol liquid antibacterial hand wash aloe vera and vitamin e","description":"Package type Pump. Volume size 250mL. Cup price $1.52 / 100mL.","id":"228637","barcode":"9300631325505"},
{"price":"3.6","name":"countdown lemon juice","description":"Volume size 500mL. Cup price $0.72 / 100mL.","id":"720424","barcode":"9300633292362"},
{"price":"2.2","name":"countdown lemon juice","description":"Volume size 250mL. Cup price $0.88 / 100mL.","id":"720423","barcode":"9300633292355"},
{"price":"4.69","name":"dettol antibacterial liquid hand wash aloe vera and vitamin e","description":"Package type Refill. Volume size 500mL. Cup price $0.94 / 100mL.","id":"228642","barcode":"9300631325512"},
{"price":"2.2","name":"countdown lime juice","description":"Volume size 250mL. Cup price $0.88 / 100mL.","id":"720425","barcode":"9300633292379"},
{"price":"3.9","name":"mother earth oaty slices oat bars chocolate orange","description":"Package type 6pk. Volume size 240g. Cup price $1.63 / 100g.","id":"789796","barcode":"9416050524914"},
{"price":"2.7","name":"trident instant noodles cup tom yum rice noodles","description":"Volume size 50g. Cup price $5.40 / 100g.","id":"638351","barcode":"9417056003878"},
{"price":"3.8","name":"arnotts shapes crackers nacho cheese","description":"Volume size 160g. Cup price $2.38 / 100g.","id":"254928","barcode":""},
{"price":"2.7","name":"trident instant noodles cup pho chicken rice noodles","description":"Volume size 50g. Cup price $5.40 / 100g.","id":"638350","barcode":"9417056003854"},
{"price":"3.8","name":"v blue energy drink sugar free","description":"Package type Single can. Volume size 500mL. Cup price $0.76 / 100mL.","id":"112438","barcode":"9415767015616"},
{"price":"4.0","name":"lee kum kee dumpling sauce","description":"Volume size 207mL. Cup price $1.93 / 100mL.","id":"807075","barcode":"078895127706"},
{"price":"3.9","name":"mother earth oaty slices oat bars apricot chocolate","description":"Package type 6pk. Volume size 240g. Cup price $1.63 / 100g.","id":"293067","barcode":"9416050901128"},
{"price":"1.7","name":"countdown chickpeas no added salt","description":"Package type Can. Volume size 420g. Cup price $0.40 / 100g.","id":"259399","barcode":""},
{"price":"3.9","name":"mother earth oaty slices oat bars anzac","description":"Package type 6pk. Volume size 240g. Cup price $1.63 / 100g.","id":"293068","barcode":"9416050901111"},
{"price":"3.8","name":"sun harvest pickled onions","description":"Volume size 400g. Cup price $0.95 / 100g.","id":"780507","barcode":"9417642994764"},
{"price":"3.3","name":"mrs rogers eco pack mint organic","description":"Volume size 10g. Cup price $3.30 / 10g.","id":"171649","barcode":""},
{"price":"4.0","name":"powerade zero sports drink berry ice","description":"Volume size 750mL. Cup price $0.53 / 100mL.","id":"742225","barcode":"9300675049054"},
{"price":"4.0","name":"palmolive dishwash liquid frangipani","description":"Volume size 500mL. Cup price $0.80 / 100mL.","id":"740055","barcode":"9300632076161"},
{"price":"3.4","name":"san remo pasta trivelle","description":"Volume size 500g. Cup price $0.68 / 100g.","id":"10305","barcode":""},
{"price":"3.8","name":"v sugar free energy drink refresh pineapple & watermelon","description":"Package type Can. Volume size 500mL. Cup price $7.60 / 1L.","id":"229961","barcode":"9415767019201"},
{"price":"1.8","name":"bluebird originals chips chicken","description":"Volume size 45g. Cup price $4.00 / 100g.","id":"137761","barcode":""},
{"price":"3.8","name":"eta avocado & garlic dressing","description":"Volume size 250mL. Cup price $1.52 / 100mL.","id":"274768","barcode":"9400547020256"},
{"price":"3.8","name":"continental classics pasta & sauce bacon carbonara","description":"Volume size 85g. Cup price $4.47 / 100g.","id":"230946","barcode":"9300667035065"},
{"price":"3.5","name":"super pump water spring sipper top","description":"Volume size 1.25L. Cup price $0.28 / 100mL.","id":"148409","barcode":""},
{"price":"3.6","name":"nesquik milk mixes chocolate","description":"Package type Can. Volume size 250g. Cup price $1.44 / 100g.","id":"33888","barcode":"9300605120686"},
{"price":"2.6","name":"sealord tuna & crackers thai chilli","description":"Package type (6 crackers). Volume size 111g. Cup price $2.34 / 100g.","id":"237375","barcode":"9415022030125"},
{"price":"2.0","name":"countdown water still spring","description":"Package type Sipper top. Volume size 1.25L. Cup price $0.16 / 100mL.","id":"481507","barcode":"9400597017077"},
{"price":"4.5","name":"colmans mustard original english","description":"Volume size 170g. Cup price $2.65 / 100g.","id":"270399","barcode":"8722700238317"},
{"price":"4.0","name":"colmans mustard powder","description":"Volume size 57g. Cup price $7.02 / 100g.","id":"270398","barcode":""},
{"price":"2.0","name":"rockstar energy drink tropical guava","description":"Package type Can. Volume size 500mL. Cup price $0.40 / 100mL.","id":"332724","barcode":"818094004626"},
{"price":"2.0","name":"twinings herbal infusions herbal tea peppermint","description":"Volume size 10pack.","id":"58970","barcode":"070177057404"},
{"price":"2.9","name":"homegrown chilled juice probio mango","description":"Volume size 400mL. Cup price $0.73 / 100mL.","id":"147570","barcode":""},
{"price":"3.8","name":"sun harvest pickled onions cocktail","description":"Volume size 400g. Cup price $0.95 / 100g.","id":"780514","barcode":"9417642994795"},
{"price":"3.0","name":"sun harvest gherkins whole","description":"Volume size 670g. Cup price $0.45 / 100g.","id":"772091","barcode":"9417642994672"},
{"price":"4.8","name":"masterfoods mustard hot english","description":"Package type Jar. Volume size 175g. Cup price $2.74 / 100g.","id":"32787","barcode":"93718653"},
{"price":"3.8","name":"barilla pasta farfalle no. 65","description":"Volume size 500g. Cup price $0.76 / 100g.","id":"77498","barcode":"8076808060654"},
{"price":"3.0","name":"raven dish brush radial","description":"Package type Each. Cup price $3.00 / 1ea.","id":"271487","barcode":"9415257080018"},
{"price":"6.7","name":"arnotts shapes sensations crackers multipack variety 375g","description":"Volume size 15pack. Cup price $1.79 / 100g.","id":"641532","barcode":"9310072029467"},
{"price":"3.0","name":"mother energy drink tropical blast","description":"Package type Single can. Volume size 500mL. Cup price $0.60 / 100mL.","id":"820268","barcode":"1220000061804"},
{"price":"1.3","name":"countdown water still spring","description":"Package type Sipper top. Volume size 750mL. Cup price $0.17 / 100mL.","id":"481508","barcode":"9400597017084"},
{"price":"0.0","name":"mrs rogers eco pack organic marjoram","description":"Volume size 10g.","id":"171430","barcode":""},
{"price":"2.6","name":"sealord tuna & crackers smoked flavour","description":"Package type (6 crackers). Volume size 111g. Cup price $2.34 / 100g.","id":"237365","barcode":"9415022030095"},
{"price":"3.6","name":"continental sensations instant soup moroccan vegetable medley 68g","description":"Volume size 2pack. Cup price $5.29 / 100g.","id":"82828","barcode":"9300830057504"},
{"price":"3.79","name":"dettol antibacterial liquid hand wash lemon & lime","description":"Package type Pump. Volume size 250mL. Cup price $1.52 / 100mL.","id":"97088","barcode":"9300631016656"},
{"price":"3.8","name":"countdown fruit salad in light syrup","description":"Package type Can. Volume size 825g. Cup price $0.46 / 100g.","id":"1129","barcode":"9300633630683"},
{"price":"3.9","name":"rjs licorice smallsorts","description":"Volume size 180g. Cup price $2.17 / 100g.","id":"55475","barcode":"9418315127090"},
{"price":"4.2","name":"massel vegetable stock liquid","description":"Volume size 1L. Cup price $0.42 / 100mL.","id":"249574","barcode":"810206005064"},
{"price":"3.2","name":"sniks pork crackle crunch","description":"Volume size 45g. Cup price $7.11 / 100g.","id":"700602","barcode":"9421014900086"},
{"price":"4.2","name":"countdown coconut fine desiccated","description":"Volume size 500g. Cup price $0.84 / 100g.","id":"740030","barcode":""},
{"price":"2.6","name":"countdown chocolate biscuits choccy mints","description":"Volume size 200g. Cup price $1.30 / 100g.","id":"250557","barcode":"9300633034412"},
{"price":"2.4","name":"sealord sensations tuna sundried tomato & olive","description":"Package type Tear tab can. Volume size 95g. Cup price $2.53 / 100g.","id":"218619","barcode":"9415022031047"},
{"price":"3.0","name":"healtheries energise herbal tea ginseng with superfruits","description":"Volume size 20pack.","id":"262110","barcode":"9400097034383"},
{"price":"4.0","name":"ritz cracker bites sour cream & onion","description":"Volume size 160g. Cup price $2.50 / 100g.","id":"238001","barcode":"7622210571007"},
{"price":"3.0","name":"sun harvest gherkins sandwich stackers","description":"Volume size 670g. Cup price $0.45 / 100g.","id":"772073","barcode":"9417642994689"},
{"price":"3.5","name":"mother earth fruit sticks beetroot apple & berry","description":"Package type 8pk. Volume size 152g. Cup price $2.30 / 100g.","id":"577073","barcode":"9416050536511"},
{"price":"2.5","name":"palmolive naturals liquid hand wash aloe vera & chamomile","description":"Package type Pump. Volume size 250mL. Cup price $1.00 / 100mL.","id":"4894","barcode":"9300632016143"},
{"price":"2.4","name":"sealord spreadables tuna spread garlic aioli","description":"Package type Tear tab can. Volume size 90g. Cup price $2.67 / 100g.","id":"155139","barcode":"9415022033645"},
{"price":"4.5","name":"watties spaghetti with meatballs","description":"Volume size 420g. Cup price $1.07 / 100g.","id":"4408","barcode":"9400547003976"},
{"price":"3.0","name":"continental cup a soup instant soup hearty italian minestrone 75g","description":"Volume size 2pack. Cup price $4.00 / 100g.","id":"54157","barcode":""},
{"price":"2.2","name":"countdown guava halves in light syrup","description":"Package type Can. Volume size 410g. Cup price $0.54 / 100g.","id":"822269","barcode":""},
{"price":"3.0","name":"greggs whole coriander seeds","description":"Volume size 21g. Cup price $1.43 / 10g.","id":"343834","barcode":"9400574005080"},
{"price":"2.5","name":"countdown beans green sliced","description":"Package type Can. Volume size 410g. Cup price $0.61 / 100g.","id":"218869","barcode":"9300633904005"},
{"price":"4.5","name":"watties spaghetti with sausages","description":"Volume size 420g. Cup price $1.07 / 100g.","id":"4407","barcode":"9400547004010"},
{"price":"3.5","name":"mother earth fruit sticks spinach banana berry","description":"Package type 8pk. Volume size 152g. Cup price $2.30 / 100g.","id":"577084","barcode":"9416050536610"},
{"price":"1.7","name":"countdown beans mexican 3 bean no added salt","description":"Package type Can. Volume size 420g. Cup price $0.40 / 100g.","id":"663582","barcode":"9339687011254"},
{"price":"6.2","name":"delmaine olives pitted green","description":"Package type Jar. Volume size 450g. Cup price $1.38 / 100g.","id":"664671","barcode":"9421030811397"},
{"price":"2.0","name":"macro organic 4 bean mix no added salt","description":"Package type Can. Volume size 420g. Cup price $0.48 / 100g.","id":"663583","barcode":"9339687011261"},
{"price":"1.7","name":"countdown beans black no added salt","description":"Package type Can. Volume size 420g. Cup price $0.40 / 100g.","id":"663581","barcode":"9339687011247"},
{"price":"3.0","name":"healtheries herbal tea chamomile lemon & honey","description":"Volume size 20pack.","id":"793855","barcode":"9400097041145"},
{"price":"1.3","name":"countdown crackers water cracked pepper","description":"Volume size 125g. Cup price $1.04 / 100g.","id":"824678","barcode":"9300633775063"},
{"price":"2.8","name":"wattie's baked beans 50% less added sugar","description":"Volume size 420g. Cup price $0.67 / 100g.","id":"661397","barcode":"9300657270520"},
{"price":"3.89","name":"mama san asian sushi rice","description":"Volume size 1kg. Cup price $0.39 / 100g.","id":"781400","barcode":"9420020300187"},
{"price":"2.9","name":"ob finest gluten free wafers original","description":"Volume size 100g. Cup price $2.90 / 100g.","id":"558373","barcode":"9349571000059"},
{"price":"4.0","name":"powerade sports drink mountain blast","description":"Volume size 750mL. Cup price $0.53 / 100mL.","id":"264513","barcode":"9300675024235"},
{"price":"4.0","name":"powerade sports drink fever pitch","description":"Volume size 750mL. Cup price $0.53 / 100mL.","id":"264512","barcode":"9300675035699"},
{"price":"1.7","name":"countdown beans cannellini","description":"Package type Can. Volume size 420g. Cup price $0.40 / 100g.","id":"218894","barcode":"9300633904067"},
{"price":"3.8","name":"fragata capers spanish","description":"Package type Jar. Volume size 99g. Cup price $3.84 / 100g.","id":"264754","barcode":"8410134603800"},
{"price":"3.0","name":"sun harvest cucumbers bread & butter","description":"Volume size 670g. Cup price $0.45 / 100g.","id":"772056","barcode":"9417642994665"},
{"price":"1.7","name":"countdown beans butter","description":"Package type Can. Volume size 420g. Cup price $0.40 / 100g.","id":"218893","barcode":""},
{"price":"4.0","name":"powerade sports drink berry ice","description":"Volume size 750mL. Cup price $0.53 / 100mL.","id":"264515","barcode":"9300675049054"},
{"price":"1.6","name":"essentials tomato paste","description":"Volume size 170g. Cup price $0.94 / 100g.","id":"90260","barcode":"9300633615116"},
{"price":"3.0","name":"macro organic coconut milk","description":"Package type Tear tab can. Volume size 400mL. Cup price $0.75 / 100mL.","id":"684034","barcode":""},
{"price":"3.4","name":"pascall family pack marshmallows","description":"Volume size 180g. Cup price $1.89 / 100g.","id":"266937","barcode":""},
{"price":"7.8","name":"nescafe coffee classic espresso","description":"Volume size 100g. Cup price $7.80 / 100g.","id":"805900","barcode":"9400556016950"},
{"price":"5.0","name":"pg tips tea bags 220g","description":"Volume size 100pack.","id":"339317","barcode":"9414962020418"},
{"price":"7.8","name":"nescafe coffee classic fine blend","description":"Volume size 100g. Cup price $7.80 / 100g.","id":"805901","barcode":"9300605121980"},
{"price":"7.8","name":"nescafe coffee classic","description":"Volume size 100g. Cup price $7.80 / 100g.","id":"805902","barcode":""},
{"price":"3.3","name":"sunmaid raisins seedless 168g","description":"Package type 14g boxes. Volume size 12pack. Cup price $1.96 / 100g.","id":"274795","barcode":"041143025123"},
{"price":"2.9","name":"homegrown smoothie berry","description":"Volume size 400mL. Cup price $0.73 / 100mL.","id":"824668","barcode":""},
{"price":"3.0","name":"griffins chocolate biscuits wheaten milk","description":"Package type Pkt. Volume size 200g. Cup price $1.50 / 100g.","id":"271047","barcode":"9400553003021"},
{"price":"4.0","name":"balnea hand wash antibacterial lime","description":"Package type Refill. Volume size 750mL. Cup price $0.53 / 100mL.","id":"505881","barcode":"9300633552930"},
{"price":"2.8","name":"watties baked beans","description":"Volume size 420g. Cup price $0.67 / 100g.","id":"4424","barcode":"9400547002634"},
{"price":"4.0","name":"macro organic pasta spirals wholemeal","description":"Volume size 500g. Cup price $0.80 / 100g.","id":"68346","barcode":"9339687136872"},
{"price":"4.0","name":"macro organic pasta spaghetti wholemeal","description":"Volume size 500g. Cup price $0.80 / 100g.","id":"68343","barcode":"9339687136858"},
{"price":"4.0","name":"werthers original sweets eclairs","description":"Volume size 100g. Cup price $4.00 / 100g.","id":"348023","barcode":"4014400912593"},
{"price":"4.3","name":"delmaine capers","description":"Volume size 100g. Cup price $4.30 / 100g.","id":"264748","barcode":""},
{"price":"2.7","name":"pumped water berry","description":"Volume size 750mL. Cup price $0.36 / 100mL.","id":"315123","barcode":"9300675037020"},
{"price":"4.1","name":"cerebos chow chow","description":"Package type Jar. Volume size 400g. Cup price $1.03 / 100g.","id":"264745","barcode":"9400582000718"},
{"price":"3.0","name":"mother energy drink black","description":"Package type Can. Volume size 500mL. Cup price $0.60 / 100mL.","id":"315125","barcode":"1220000060814"},
{"price":"2.4","name":"balnea hand wash antibacterial original","description":"Package type Refill. Volume size 250mL. Cup price $0.96 / 100mL.","id":"505877","barcode":"9300633552886"},
{"price":"3.5","name":"tuffy paper towels white 2ply","description":"Volume size 2pack. Cup price $2.92 / 100ss.","id":"60867","barcode":"9414223006410"},
{"price":"2.4","name":"balnea hand wash antibacterial aloe","description":"Package type Pump. Volume size 250mL. Cup price $0.96 / 100mL.","id":"505878","barcode":"9300633552893"},
{"price":"3.6","name":"san remo pasta lasagne sheets wholemeal","description":"Volume size 250g. Cup price $1.44 / 100g.","id":"337137","barcode":"9310155002202"},
{"price":"3.3","name":"mrs rogers eco pack organic tarragon","description":"Volume size 7g. Cup price $4.71 / 10g.","id":"171621","barcode":"9419740919304"},
{"price":"2.4","name":"balnea hand wash antibacterial lime","description":"Package type Pump. Volume size 250mL. Cup price $0.96 / 100mL.","id":"505876","barcode":"9300633552879"},
{"price":"1.9","name":"essentials cornflour","description":"Volume size 500g. Cup price $3.80 / 1kg.","id":"39128","barcode":"9300633391287"},
{"price":"5.0","name":"indomie instant noodles multi pack mi goreng satay","description":"Package type 80g each. Volume size 5pack. Cup price $1.25 / 100g.","id":"305529","barcode":"089686140750"},
{"price":"3.7","name":"ace dish brush 2 in 1","description":"Cup price $3.70 / 1ea.","id":"671337","barcode":"9420039513073"},
{"price":"2.5","name":"ace dish brush radial","description":"Cup price $2.50 / 1ea.","id":"671338","barcode":"9420039513134"},
{"price":"3.5","name":"countdown mustard wholegrain","description":"Volume size 190g. Cup price $0.18 / 10g.","id":"368778","barcode":"9300633216764"},
{"price":"3.5","name":"countdown mustard dijon","description":"Volume size 200g. Cup price $0.18 / 10g.","id":"368776","barcode":"9300633216757"},
{"price":"4.7","name":"dilmah strong black tea bags extra strength","description":"Volume size 50pack.","id":"12313","barcode":"9312631117172"},
{"price":"3.0","name":"wattie's hearty soup steak canned","description":"Volume size 535g. Cup price $0.56 / 100g.","id":"265414","barcode":"9300657232627"},
{"price":"5.0","name":"dolmio pasta sauce thick tomato lasagne","description":"Volume size 505g. Cup price $0.99 / 100g.","id":"758412","barcode":""},
{"price":"1.5","name":"countdown soft drink lemonade zero sugar","description":"Volume size 1.5L. Cup price $0.10 / 100mL.","id":"590234","barcode":"9400597021890"},
{"price":"4.0","name":"palmolive dishwash liquid lemon lime","description":"Volume size 500mL. Cup price $0.80 / 100mL.","id":"273033","barcode":""},
{"price":"1.8","name":"watties chickpeas in spring water","description":"Package type Can. Volume size 400g. Cup price $0.45 / 100g.","id":"766264","barcode":"9300657820244"},
{"price":"5.0","name":"sanitarium so good almond milk unsweetened","description":"Package type Carton. Volume size 1L. Cup price $5.00 / 1L.","id":"744490","barcode":"9300652803495"},
{"price":"1.2","name":"countdown biscuits custard creams","description":"Volume size 140g. Cup price $0.86 / 100g.","id":"88991","barcode":"9339687168453"},
{"price":"0.0","name":"","description":"","id":"16923","barcode":"074299057854"},
{"price":"4.2","name":"delmaine gherkins whole","description":"Package type Jar. Volume size 670g. Cup price $0.63 / 100g.","id":"264799","barcode":"9416107513489"},
{"price":"4.79","name":"palmolive foaming hand wash antibacterial lime & mint","description":"Package type Pump. Volume size 250mL. Cup price $1.92 / 100mL.","id":"724892","barcode":"8850006491447"},
{"price":"3.0","name":"titan paper towels print","description":"Volume size 2pack. Cup price $2.50 / 100ss.","id":"828818","barcode":"9300633719234"},
{"price":"2.0","name":"ottogi asian spicy jin instant noodles","description":"Package type Cup. Volume size 65g. Cup price $3.08 / 100g.","id":"651506","barcode":"645175570288"},
{"price":"1.7","name":"essentials peaches in syrup","description":"Package type Can. Volume size 415g. Cup price $0.41 / 100g.","id":"97495","barcode":"9400597032889"},
{"price":"4.0","name":"mother earth better bars muesli bars choc berry","description":"Package type 6pk. Volume size 180g. Cup price $2.22 / 100g.","id":"850543","barcode":"9416050541119"},
{"price":"2.0","name":"griffin's snax crackers cheese & bacon minis","description":"Volume size 135g. Cup price $1.48 / 100g.","id":"316637","barcode":"9400553460961"},
{"price":"4.0","name":"mother earth better bars muesli bars raspberry","description":"Package type 6pk. Volume size 180g. Cup price $2.22 / 100g.","id":"850544","barcode":""},
{"price":"1.5","name":"essentials coconut cream lite reduced fat","description":"Package type Can. Volume size 400mL. Cup price $0.38 / 100mL.","id":"208408","barcode":"9300633901066"},
{"price":"3.7","name":"sealord sensations tuna satay","description":"Package type Can. Volume size 185g. Cup price $2.00 / 100g.","id":"661788","barcode":"9415022033478"},
{"price":"3.3","name":"mrs rogers eco pack paprika ground organic","description":"Volume size 35g. Cup price $0.94 / 10g.","id":"85276","barcode":"9419740918796"},
{"price":"2.3","name":"sunlight dishwash liquid apple","description":"Volume size 500mL. Cup price $0.46 / 100mL.","id":"307938","barcode":"9333441005404"},
{"price":"3.7","name":"kings choice jasmine rice long grain","description":"Package type Pkt. Volume size 1kg. Cup price $0.37 / 100g.","id":"4240","barcode":""},
{"price":"3.0","name":"healtheries sleep herbal tea with chamomile & passionflower","description":"Volume size 20pack.","id":"262125","barcode":"9400097040780"},
{"price":"3.8","name":"arnotts shapes fully loaded crackers wicked sweet chilli","description":"Volume size 130g. Cup price $2.92 / 100g.","id":"262126","barcode":"9310072033457"},
{"price":"2.8","name":"watties spaghetti in tomato sauce","description":"Volume size 420g. Cup price $0.67 / 100g.","id":"4485","barcode":"9400547001811"},
{"price":"3.5","name":"mayceys lollipops 210g","description":"Volume size 28pack. Cup price $1.67 / 100g.","id":"266962","barcode":"9403102001516"},
{"price":"3.0","name":"bikano aloo bhujia","description":"Volume size 150g. Cup price $2.00 / 100g.","id":"316652","barcode":"8901414000070"},
{"price":"1.8","name":"watties red kidney beans in spring water","description":"Package type Can. Volume size 400g. Cup price $0.45 / 100g.","id":"766239","barcode":"9300657820251"},
{"price":"4.79","name":"palmolive foaming hand wash raspberry","description":"Package type Pump. Volume size 250mL. Cup price $1.92 / 100mL.","id":"724887","barcode":"8850006491386"},
{"price":"1.6","name":"mayceys jelly sweets sour feijoas","description":"Volume size 85g. Cup price $1.88 / 100g.","id":"750903","barcode":"9403102000960"},
{"price":"3.3","name":"mrs rogers eco pack cumin seeds organic","description":"Volume size 30g. Cup price $1.10 / 10g.","id":"85266","barcode":"9419740919151"},
{"price":"2.5","name":"countdown sweets marshmallows","description":"Volume size 220g. Cup price $1.14 / 100g.","id":"473288","barcode":"9400597016490"},
{"price":"2.5","name":"countdown sweets aeroplanes","description":"Volume size 220g. Cup price $1.14 / 100g.","id":"473289","barcode":"9400597016506"},
{"price":"2.5","name":"countdown sweets pineapple pieces","description":"Volume size 180g. Cup price $1.39 / 100g.","id":"473287","barcode":""},
{"price":"3.5","name":"ritz crackers original","description":"Volume size 227g. Cup price $1.54 / 100g.","id":"261282","barcode":"9310034002415"},
{"price":"3.7","name":"monster energy drink mango loco","description":"Package type Single can. Volume size 500mL. Cup price $0.74 / 100mL.","id":"698612","barcode":"9342866000635"},
{"price":"2.2","name":"edgell beans butter","description":"Package type Can. Volume size 400g. Cup price $0.55 / 100g.","id":"732217","barcode":"9310082429974"},
{"price":"3.0","name":"greggs mixed herbs","description":"Package type Box. Volume size 15g. Cup price $2.00 / 10g.","id":"265221","barcode":"9400574005288"},
{"price":"3.0","name":"countdown muesli bars apricot with youghurt base","description":"Package type 6pk. Volume size 225g. Cup price $1.33 / 100g.","id":"102288","barcode":"9400597033015"},
{"price":"3.9","name":"rj's mackintosh's toffee deluxe 200g","description":"Cup price $1.95 / 100g.","id":"24970","barcode":"9418315127199"},
{"price":"2.0","name":"countdown peaches slices in juice","description":"Package type Can. Volume size 410g. Cup price $0.49 / 100g.","id":"753150","barcode":"9339687160778"},
{"price":"3.5","name":"mother earth fruit sticks apple & strawberry","description":"Package type 8pk. Volume size 152g. Cup price $2.30 / 100g.","id":"293098","barcode":"9416050901104"},
{"price":"3.0","name":"tilda steamed rice masala","description":"Package type Pouch. Volume size 250g. Cup price $1.20 / 100g.","id":"221403","barcode":"5011157996592"},
{"price":"3.9","name":"mother earth oaty slices oat bars gingerbread & white chocolate","description":"Package type 6pk. Volume size 240g. Cup price $1.63 / 100g.","id":"173636","barcode":"9416050546312"},
{"price":"3.0","name":"healtheries herbal tea turmeric","description":"Package type Bags. Volume size 20pack.","id":"681178","barcode":"9400097042517"},
{"price":"3.0","name":"mother energy drink razzle berry zero sugar","description":"Package type Can. Volume size 500mL. Cup price $0.60 / 100mL.","id":"230597","barcode":"1220000060203"},
{"price":"3.0","name":"healtheries herbal tea detox","description":"Package type Bags. Volume size 20pack.","id":"681177","barcode":"9400097042487"},
{"price":"3.3","name":"mrs rogers eco pack chilli flakes organic","description":"Volume size 20g. Cup price $1.65 / 10g.","id":"85299","barcode":"9419740918130"},
{"price":"0.0","name":"arnotts shapes fully loaded crackers flame grilled chicken","description":"Volume size 130g.","id":"233860","barcode":""},
{"price":"3.8","name":"arnotts creme filled kingston creams","description":"Volume size 200g. Cup price $1.90 / 100g.","id":"36720","barcode":"9310072002095"},
{"price":"2.2","name":"aeroplane jelly lite crystals raspberry low sugar","description":"Package type Sachet. Volume size 2 x 9g. Cup price $12.22 / 100g.","id":"36721","barcode":"9300619513085"},
{"price":"3.3","name":"mrs rogers eco pack cloves whole organic","description":"Volume size 15g. Cup price $2.20 / 10g.","id":"85297","barcode":"9419740918338"},
{"price":"2.5","name":"maggi super noodles instant noodles cup chicken","description":"Volume size 60g. Cup price $4.31 / 100g.","id":"224905","barcode":"9556001171337"},
{"price":"2.5","name":"real foods corn thins crispbread multigrain","description":"Package type Bag. Volume size 150g. Cup price $1.67 / 100g.","id":"4021","barcode":""},
{"price":"2.4","name":"sealord sensations tuna smoked","description":"Package type Tear tab can. Volume size 95g. Cup price $2.53 / 100g.","id":"200958","barcode":""},
{"price":"3.3","name":"mrs rogers eco pack ground coriander organic","description":"Volume size 30g. Cup price $1.10 / 10g.","id":"172534","barcode":"9419740918208"},
{"price":"2.0","name":"essentials pasta spaghetti","description":"Volume size 500g. Cup price $0.40 / 100g.","id":"44571","barcode":"9339687206599"},
{"price":"3.3","name":"mrs rogers eco pack premium mixed herbs organic","description":"Volume size 12g. Cup price $2.75 / 10g.","id":"85047","barcode":"9419740919212"},
{"price":"3.3","name":"mrs rogers eco pack cinnamon ground organic","description":"Volume size 30g. Cup price $1.10 / 10g.","id":"85044","barcode":"9419740918161"},
{"price":"3.6","name":"countdown coleslaw dressing","description":"Volume size 290mL. Cup price $1.24 / 100mL.","id":"846488","barcode":"9300633503024"},
{"price":"3.8","name":"countdown peaches slices in juice","description":"Package type Can. Volume size 820g. Cup price $0.46 / 100g.","id":"221427","barcode":"9300633906306"},
{"price":"3.0","name":"greggs rubbed sweet basil","description":"Package type Box. Volume size 10g. Cup price $3.00 / 10g.","id":"265206","barcode":"9400574005349"},
{"price":"2.4","name":"sealord sensations tuna tomato & basil","description":"Package type Tear tab can. Volume size 95g. Cup price $2.53 / 100g.","id":"200967","barcode":""},
{"price":"2.2","name":"countdown mangos slices in syrup","description":"Package type Can. Volume size 425g. Cup price $0.52 / 100g.","id":"757970","barcode":"9300633422073"},
{"price":"2.0","name":"macro organic diced tomatoes italian no added salt","description":"Package type Can. Volume size 400g. Cup price $0.50 / 100g.","id":"700642","barcode":"9300633227319"},
{"price":"1.6","name":"mayceys mints classic","description":"Volume size 90g. Cup price $1.78 / 100g.","id":"630842","barcode":"9403102000922"},
{"price":"1.6","name":"mayceys mints curiously strong","description":"Volume size 95g. Cup price $1.68 / 100g.","id":"630841","barcode":"9403102000915"},
{"price":"2.4","name":"sealord sensations tuna lemon pepper","description":"Package type Tear tab can. Volume size 95g. Cup price $2.53 / 100g.","id":"200966","barcode":"9415022031122"},
{"price":"3.9","name":"mother earth oaty slices oat bars chocolate chip","description":"Package type 6pk. Volume size 240g. Cup price $1.63 / 100g.","id":"721581","barcode":"9416050902651"},
{"price":"3.69","name":"glad snaplock storage bags medium","description":"Volume size 20pack. Cup price $0.18 / 1ea.","id":"558775","barcode":""},
{"price":"2.4","name":"sealord sensations tuna savoury onion","description":"Package type Tear tab can. Volume size 95g. Cup price $2.53 / 100g.","id":"200962","barcode":"9415022031115"},
{"price":"2.0","name":"macro organic red kidney beans no added salt","description":"Package type Can. Volume size 425g. Cup price $0.47 / 100g.","id":"700640","barcode":"9300633227296"},
{"price":"5.05","name":"lipton ice tea peach sugar free","description":"Package type Bottle. Volume size 1.5L. Cup price $0.34 / 100mL.","id":"221667","barcode":"9358155000101"},
{"price":"3.9","name":"macro organic balsamic vinegar 4 leaf","description":"Volume size 250mL. Cup price $1.56 / 100mL.","id":"700635","barcode":"93539258"},
{"price":"4.0","name":"bluebird thin cut multipack chips ready salted 108g","description":"Volume size 6pack. Cup price $3.70 / 100g.","id":"197820","barcode":"9400566009973"},
{"price":"3.2","name":"sunrice microwave rice fragrant jasmine","description":"Package type Pouch. Volume size 250g. Cup price $1.28 / 100g.","id":"244754","barcode":"9310140001937"},
{"price":"2.0","name":"ottogi asian mild jin instant noodles","description":"Package type Cup. Volume size 65g. Cup price $3.08 / 100g.","id":"651532","barcode":"5611717570103"},
{"price":"4.4","name":"watties boysenberries in syrup","description":"Package type Can. Volume size 425g. Cup price $1.04 / 100g.","id":"304867","barcode":""},
{"price":"2.8","name":"choice instant noodles multi pack chicken","description":"Package type 85g each. Volume size 5pack. Cup price $0.66 / 100g.","id":"521257","barcode":"8888056252527"},
{"price":"4.0","name":"dilmah english breakfast tea bags decaf","description":"Volume size 20pack.","id":"296159","barcode":"9312631168853"},
{"price":"2.8","name":"choice instant noodles multi pack beef","description":"Package type 85g each. Volume size 5pack. Cup price $0.66 / 100g.","id":"521258","barcode":"8888056251018"},
{"price":"2.6","name":"sealord sensations salmon light chilli","description":"Package type Can. Volume size 85g. Cup price $3.06 / 100g.","id":"200977","barcode":"9415022030040"},
{"price":"2.4","name":"sealord sensations tuna sweet thai chilli","description":"Package type Tear tab can. Volume size 95g. Cup price $2.53 / 100g.","id":"200970","barcode":"9415022031177"},
{"price":"3.6","name":"countdown coconut shredded","description":"Volume size 250g. Cup price $1.44 / 100g.","id":"740071","barcode":"9300633341756"},
{"price":"2.0","name":"twinings green tea jasmine","description":"Volume size 10pack.","id":"95459","barcode":"070177227913"},
{"price":"2.5","name":"san remo pasta wide lasagne no. 45","description":"Volume size 250g. Cup price $1.00 / 100g.","id":"270859","barcode":"9310155414814"},
{"price":"2.4","name":"countdown plain flour","description":"Volume size 1.5kg. Cup price $1.60 / 1kg.","id":"265266","barcode":"9414742036295"},
{"price":"2.9","name":"countdown self raising flour white","description":"Volume size 1.5kg. Cup price $1.93 / 1kg.","id":"265268","barcode":"9414742036288"},
{"price":"2.5","name":"indomie instant noodles cup mi goreng hot & spicy","description":"Volume size 70g. Cup price $3.57 / 100g.","id":"166624","barcode":""},
{"price":"2.6","name":"sealord sensations smoked flavour canned salmon","description":"Package type Can. Volume size 85g. Cup price $3.06 / 100g.","id":"200981","barcode":"9415022030057"},
{"price":"1.3","name":"essentials diced tomatoes","description":"Package type Can. Volume size 400g. Cup price $0.33 / 100g.","id":"311488","barcode":"9300633988715"},
{"price":"2.5","name":"maggi fusian instant noodles cup hot & spicy mi goreng","description":"Volume size 65g. Cup price $3.85 / 100g.","id":"700019","barcode":"9556001170750"},
{"price":"5.0","name":"ecostore dishwash liquid grapefruit","description":"Volume size 500mL. Cup price $1.00 / 100mL.","id":"701108","barcode":""},
{"price":"2.2","name":"macro organic lentils no added salt","description":"Package type Can. Volume size 425g. Cup price $0.52 / 100g.","id":"771216","barcode":"9300633454296"},
{"price":"2.5","name":"wattie's condensed soup tomato canned","description":"Volume size 420g. Cup price $0.60 / 100g.","id":"265270","barcode":"9400547001071"},
{"price":"1.6","name":"countdown soft drink dry lemonade","description":"Volume size 1.5L. Cup price $0.11 / 100mL.","id":"588212","barcode":"9400597021692"},
{"price":"4.2","name":"hansells all natural soup pho pouch","description":"Volume size 400g. Cup price $1.05 / 100g.","id":"828563","barcode":"9417986941943"},
{"price":"2.59","name":"kiwi serviettes lunch green 2ply","description":"Volume size 50pack. Cup price $2.59 / 1ea.","id":"622559","barcode":"9421904160408"},
{"price":"2.5","name":"wattie's condensed soup creamy pumpkin canned","description":"Volume size 420g. Cup price $0.60 / 100g.","id":"265258","barcode":"9400547008599"},
{"price":"2.9","name":"maggi soup for a cup instant soup rich tomato 78g","description":"Volume size 4pack. Cup price $3.72 / 100g.","id":"265259","barcode":"9400556061219"},
{"price":"2.8","name":"countdown raw sugar","description":"Volume size 1kg. Cup price $0.28 / 100g.","id":"642186","barcode":""},
{"price":"3.0","name":"greggs ground ginger","description":"Package type Box. Volume size 30g. Cup price $1.00 / 10g.","id":"265255","barcode":"9400574005882"},
{"price":"8.3","name":"greggs granulated instant coffee decaf roast","description":"Package type Refill. Volume size 75g. Cup price $11.07 / 100g.","id":"266588","barcode":"9400574008258"},
{"price":"4.1","name":"ace cleaning cloth wonder","description":"Volume size 2pack. Cup price $2.05 / 1ea.","id":"671506","barcode":"9420039513295"},
{"price":"4.29","name":"glad snaplock plastic bags snack size 150x90mm","description":"Package type Boxed. Volume size 30pack. Cup price $0.14 / 1ea.","id":"94590","barcode":"9415107225309"},
{"price":"3.8","name":"arnotts shapes crackers bbq originals","description":"Volume size 175g. Cup price $2.17 / 100g.","id":"485436","barcode":"9310072028866"},
{"price":"3.9","name":"mother earth oaty slices oat bars sticky date","description":"Package type 6pk. Volume size 240g. Cup price $1.63 / 100g.","id":"247605","barcode":""},
{"price":"3.3","name":"campbell's soup cream of mushroom canned","description":"Volume size 420g. Cup price $0.79 / 100g.","id":"34290","barcode":"9300644126212"},
{"price":"4.0","name":"bluebird originals multipack chips chicken 108g","description":"Volume size 6pack. Cup price $3.70 / 100g.","id":"198228","barcode":"9400566009966"},
{"price":"2.5","name":"ceres organics beans red kidney","description":"Volume size 400g. Cup price $0.63 / 100g.","id":"381220","barcode":"9415748005063"},
{"price":"2.5","name":"ceres organics beans black","description":"Volume size 400g. Cup price $0.63 / 100g.","id":"381227","barcode":"9415748005094"},
{"price":"2.9","name":"countdown high grade flour","description":"Volume size 1.5kg. Cup price $1.93 / 1kg.","id":"265264","barcode":""},
{"price":"2.5","name":"ceres organics chickpeas garbanzo beans","description":"Volume size 400g. Cup price $0.63 / 100g.","id":"381229","barcode":"9415748005070"},
{"price":"2.5","name":"delmaine chickpeas","description":"Package type Can. Volume size 390g. Cup price $0.64 / 100g.","id":"304935","barcode":"9416107521316"},
{"price":"4.6","name":"snacka changi chips bbq","description":"Volume size 150g. Cup price $3.07 / 100g.","id":"96329","barcode":"9414882456083"},
{"price":"2.5","name":"countdown chocolate choc mix","description":"Volume size 180g. Cup price $1.39 / 100g.","id":"820816","barcode":"9400597027335"},
{"price":"3.6","name":"san remo pasta cannelloni","description":"Volume size 250g. Cup price $1.44 / 100g.","id":"543758","barcode":"9310155008853"},
{"price":"3.0","name":"greggs ground paprika","description":"Package type Box. Volume size 40g. Cup price $0.75 / 10g.","id":"265245","barcode":"9400574005950"},
{"price":"3.0","name":"healtheries fruit tea pomegranate with orange peel","description":"Volume size 20pack.","id":"267424","barcode":"9400097037056"},
{"price":"3.4","name":"pascall jelly sweets party pack","description":"Volume size 180g. Cup price $1.89 / 100g.","id":"818972","barcode":"9300617074212"},
{"price":"3.4","name":"pascall mixtures lolly scramble","description":"Volume size 170g. Cup price $2.00 / 100g.","id":"818974","barcode":"9300617074410"},
{"price":"3.3","name":"campbell's soup cream of chicken canned","description":"Volume size 420g. Cup price $0.79 / 100g.","id":"34282","barcode":""},
{"price":"2.0","name":"rockstar refresh energy drink summer fruits","description":"Package type Single can. Volume size 500mL. Cup price $0.40 / 100mL.","id":"311231","barcode":"9415767016965"},
{"price":"2.5","name":"countdown sweets milk bottles","description":"Volume size 200g. Cup price $1.25 / 100g.","id":"820817","barcode":"9400597027342"},
{"price":"3.5","name":"fantastic dried noodles thin","description":"Volume size 360g. Cup price $0.97 / 100g.","id":"335677","barcode":"9310155006262"},
{"price":"4.0","name":"protex mens antibacterial bar soap sport value pack","description":"Package type 90g bars. Volume size 3pack. Cup price $1.48 / 100g.","id":"759560","barcode":"8850006492475"},
{"price":"0.0","name":"sanitarium skippy cereal cornflakes","description":"Package type Pack. Volume size 500g.","id":"266582","barcode":""},
{"price":"3.5","name":"divella pasta polenta","description":"Volume size 500g. Cup price $0.70 / 100g.","id":"644369","barcode":"8005121218404"},
{"price":"3.3","name":"mrs rogers eco pack minced onion organic","description":"Volume size 20g. Cup price $1.65 / 10g.","id":"85430","barcode":"9419740918758"},
{"price":"2.5","name":"palmolive antibacterial liquid hand wash odour neutralising lime","description":"Package type Pump. Volume size 250mL. Cup price $1.00 / 100mL.","id":"325881","barcode":"8850006535028"},
{"price":"4.7","name":"griffins squiggles chocolate biscuits hokey pokey","description":"Volume size 215g. Cup price $2.19 / 100g.","id":"270827","barcode":"9400553453109"},
{"price":"3.0","name":"healtheries herbal tea immunity with vitamin c","description":"Volume size 20pack.","id":"8441","barcode":"9400097042906"},
{"price":"3.5","name":"bens original microwave rice mexican","description":"Package type Pouch. Volume size 250g. Cup price $1.40 / 100g.","id":"270829","barcode":"9310012060369"},
{"price":"3.5","name":"king soup mix gluten free vegetable","description":"Package type Pkt. Volume size 210g. Cup price $1.67 / 100g.","id":"484562","barcode":"9400593002411"},
{"price":"4.5","name":"mutti polpa tomatoes chopped","description":"Package type Can. Volume size 790g. Cup price $0.57 / 100g.","id":"131559","barcode":"8005110080005"},
{"price":"3.0","name":"kleenex tissues facial","description":"Volume size 200pack. Cup price $1.50 / 100ss.","id":"63899","barcode":"9310088013184"},
{"price":"2.6","name":"mutti polpa tomatoes chopped with garlic","description":"Package type Can. Volume size 400g. Cup price $0.65 / 100g.","id":"131557","barcode":"8005110170461"},
{"price":"3.8","name":"arnotts chocolate biscuits mint slice","description":"Volume size 200g. Cup price $1.90 / 100g.","id":"36215","barcode":"9310072000275"},
{"price":"1.9","name":"countdown pineapple slices in natural juice","description":"Package type Can. Volume size 425g. Cup price $0.45 / 100g.","id":"568872","barcode":"9400597021043"},
{"price":"3.5","name":"griffins creme filled melting moments","description":"Package type Pkt. Volume size 250g. Cup price $1.40 / 100g.","id":"9526","barcode":"9400553010319"},
{"price":"3.5","name":"bens original microwave rice lightly flavoured coconut","description":"Package type Pouch. Volume size 250g. Cup price $1.40 / 100g.","id":"177521","barcode":"9310012060567"},
{"price":"3.6","name":"highmark soy sauce golden","description":"Volume size 550mL. Cup price $0.65 / 100mL.","id":"270415","barcode":"9415317004138"},
{"price":"3.0","name":"healtheries herbal tea digestion with probiotics","description":"Volume size 20pack.","id":"8452","barcode":"9400097042890"},
{"price":"3.0","name":"healtheries fruit tea wild berries","description":"Volume size 20pack.","id":"267488","barcode":"9400097036578"},
{"price":"1.3","name":"essentials peeled tomatoes whole","description":"Package type Can. Volume size 400g. Cup price $0.33 / 100g.","id":"37530","barcode":""},
{"price":"1.95","name":"maggi recipe base mild curry sausages","description":"Volume size 29g. Cup price $6.72 / 100g.","id":"480195","barcode":"9400556015458"},
{"price":"1.9","name":"countdown beetroot sliced no added salt","description":"Package type Can. Volume size 450g. Cup price $0.42 / 100g.","id":"574480","barcode":""},
{"price":"1.3","name":"san remo la pasta pasta & sauce carbonara","description":"Package type Single snack. Volume size 80g. Cup price $1.63 / 100g.","id":"200784","barcode":""},
{"price":"3.0","name":"bluebird thick cut chips crispy bacon","description":"Volume size 150g. Cup price $2.00 / 100g.","id":"371236","barcode":"9400566006828"},
{"price":"1.3","name":"san remo la pasta pasta & sauce alfredo","description":"Package type Single snack. Volume size 80g. Cup price $1.63 / 100g.","id":"200783","barcode":"9310155000826"},
{"price":"5.0","name":"tasti nut bars deluxe","description":"Package type 6pk. Volume size 210g. Cup price $2.38 / 100g.","id":"725516","barcode":"9403110062394"},
{"price":"4.79","name":"palmolive foaming hand wash japanese cherry blossom","description":"Package type Pump. Volume size 250mL. Cup price $1.92 / 100mL.","id":"500851","barcode":"8850006494097"},
{"price":"3.0","name":"tilda steamed rice katsu curry","description":"Package type Pouch. Volume size 250g. Cup price $1.20 / 100g.","id":"221492","barcode":"5011157996431"},
{"price":"1.4","name":"countdown diced tomatoes italian no added salt","description":"Package type Can. Volume size 400g. Cup price $0.35 / 100g.","id":"770320","barcode":""},
{"price":"4.2","name":"raven nail brush clearlite","description":"Package type Each.","id":"271504","barcode":"9415257080315"},
{"price":"2.0","name":"countdown pears halves in light syrup","description":"Package type Can. Volume size 415g. Cup price $0.48 / 100g.","id":"17920","barcode":"9300633179205"},
{"price":"3.8","name":"countdown pears halves in light syrup","description":"Package type Can 330ml. Volume size 825g. Cup price $0.46 / 100g.","id":"17921","barcode":"9300633179212"},
{"price":"4.0","name":"bluebird twisties multipack corn snacks cheese 108g","description":"Volume size 6pack. Cup price $3.70 / 100g.","id":"198653","barcode":"9400566009980"},
{"price":"3.0","name":"healtheries sleep herbal tea with chamomile & peppermint","description":"Volume size 20pack.","id":"267493","barcode":""},
{"price":"3.0","name":"healtheries herbal tea chamomile","description":"Package type Bags. Volume size 20pack.","id":"267492","barcode":"9400097036585"},
{"price":"4.7","name":"continental sensations pasta & sauce spinach bacon & three cheese","description":"Volume size 91g. Cup price $5.16 / 100g.","id":"840899","barcode":"9300830023943"},
{"price":"3.7","name":"monster sugar free energy drink ultra gold","description":"Package type Can. Volume size 500mL. Cup price $0.74 / 100mL.","id":"231284","barcode":"9342866001090"},
{"price":"2.3","name":"countdown pasta large shells","description":"Volume size 500g. Cup price $0.46 / 100g.","id":"745386","barcode":"9300633372514"},
{"price":"3.6","name":"ace scourer mesh non scratch","description":"Volume size 2pack. Cup price $1.80 / 1ea.","id":"671306","barcode":"9420039513202"},
{"price":"2.6","name":"tcc coconut milk premium","description":"Package type Can. Volume size 400mL. Cup price $0.65 / 100mL.","id":"168","barcode":""},
{"price":"2.4","name":"fantastic rice crackers bbq","description":"Volume size 100g. Cup price $2.40 / 100g.","id":"35103","barcode":"9310155510103"},
{"price":"4.0","name":"homebrand ironing aid","description":"Volume size 400g. Cup price $10.00 / 1kg.","id":"32077","barcode":"9300633320775"},
{"price":"3.5","name":"heinz baked beans english recipe","description":"Volume size 420g. Cup price $0.83 / 100g.","id":"21196","barcode":"9300657009885"},
{"price":"3.8","name":"essentials container rectangle reusable 300ml","description":"Volume size 4pack. Cup price $0.95 / 1ea.","id":"744052","barcode":"9300633369026"},
{"price":"3.0","name":"healtheries fruit tea cranberry & apple","description":"Volume size 20pack.","id":"267483","barcode":"9400097036523"},
{"price":"3.3","name":"mrs rogers eco pack italian herbs organic","description":"Volume size 10g. Cup price $3.30 / 10g.","id":"83265","barcode":"9419740919199"},
{"price":"3.3","name":"mrs rogers eco pack mustard powder organic","description":"Volume size 30g. Cup price $1.10 / 10g.","id":"85442","barcode":"9419740919243"},
{"price":"3.0","name":"healtheries fruit tea lemon & ginger","description":"Volume size 20pack.","id":"267485","barcode":"9400097036547"},
{"price":"4.5","name":"l & p soft drink sweet as sugar free","description":"Volume size 1.5L. Cup price $0.30 / 100mL.","id":"271736","barcode":"9300624013938"},
{"price":"3.0","name":"healtheries fruit tea blackcurrant & apple","description":"Volume size 20pack.","id":"267482","barcode":"9400097036516"},
{"price":"3.0","name":"wheelies creme filled chocolate 240g","description":"Volume size 8pack. Cup price $1.25 / 100g.","id":"268571","barcode":"9310560017556"},
{"price":"4.0","name":"countdown salt sea grinder","description":"Volume size 110g. Cup price $0.36 / 10g.","id":"887995","barcode":"9300633557072"},
{"price":"3.5","name":"tasti oat bars choc brownie baked squares","description":"Package type 5pk. Volume size 150g. Cup price $2.33 / 100g.","id":"268316","barcode":"9403110065944"},
{"price":"3.0","name":"healtheries chai tea bags vanilla","description":"Volume size 20pack.","id":"267227","barcode":"9400097036646"},
{"price":"1.3","name":"san remo la pasta pasta & sauce macaroni cheese","description":"Package type Single snack. Volume size 80g. Cup price $1.63 / 100g.","id":"48645","barcode":""},
{"price":"3.49","name":"mono baking paper micro","description":"Package type Box. Volume size 5m x 30cm wide. Cup price $0.70 / 1m.","id":"268797","barcode":"9415242013045"},
{"price":"4.5","name":"empire curry powder mild indian","description":"Volume size 100g. Cup price $0.45 / 10g.","id":"265288","barcode":""},
{"price":"3.4","name":"san remo pasta curls no. 27","description":"Volume size 500g. Cup price $0.68 / 100g.","id":"98549","barcode":"9310155203234"},
{"price":"4.6","name":"ace cleaning wipes extra large","description":"Volume size 5pack. Cup price $0.92 / 1ea.","id":"671516","barcode":"9420039513257"},
{"price":"1.3","name":"maggi instant gravy mix roast chicken","description":"Package type Sachet. Volume size 24g. Cup price $5.42 / 100g.","id":"257413","barcode":"9400556005299"},
{"price":"2.5","name":"essentials tomato paste","description":"Volume size 500g. Cup price $0.50 / 100g.","id":"34004","barcode":"9300633340049"},
{"price":"4.3","name":"huntley & palmers crackers sesameal original","description":"Volume size 200g. Cup price $2.15 / 100g.","id":"312759","barcode":"9400553448907"},
{"price":"1.3","name":"maggi instant gravy mix roast meat","description":"Package type Sachet. Volume size 27g. Cup price $4.81 / 100g.","id":"257411","barcode":"9400556005459"},
{"price":"4.0","name":"palmolive dishwash liquid dry skin with aloe","description":"Volume size 500mL. Cup price $0.80 / 100mL.","id":"141304","barcode":"9300632012268"},
{"price":"3.0","name":"healtheries herbal tea bags liquorice","description":"Volume size 20pack.","id":"267231","barcode":""},
{"price":"4.0","name":"dilmah green tea tea bags with jasmine petals","description":"Package type Bags. Volume size 20pack.","id":"267473","barcode":"9312631142440"},
{"price":"3.7","name":"countdown chips chicken crinkle cut 180g","description":"Package type Multipack. Volume size 10pack. Cup price $2.06 / 100g.","id":"458015","barcode":""},
{"price":"2.5","name":"essentials topping chocolate flavoured","description":"Package type Bottle. Volume size 600mL. Cup price $0.42 / 100mL.","id":"196455","barcode":"9300633005184"},
{"price":"2.6","name":"sealord tuna & crackers tomato & basil","description":"Package type (6 crackers). Volume size 111g. Cup price $2.34 / 100g.","id":"236999","barcode":"9415022030132"},
{"price":"4.5","name":"fanta soft drink orange","description":"Volume size 1.5L. Cup price $0.30 / 100mL.","id":"271725","barcode":"9400559003018"},
{"price":"2.9","name":"maggi soup for a cup instant soup creamy chicken 54g","description":"Volume size 4pack. Cup price $5.37 / 100g.","id":"265293","barcode":""},
{"price":"4.5","name":"schweppes drink mixers diet indian tonic water","description":"Volume size 1.5L. Cup price $0.30 / 100mL.","id":"271718","barcode":"9415087031037"},
{"price":"3.0","name":"fia fia coconut cream","description":"Package type Can. Volume size 400mL. Cup price $0.75 / 100mL.","id":"269638","barcode":""},
{"price":"2.0","name":"essentials pasta macaroni","description":"Volume size 500g. Cup price $0.40 / 100g.","id":"95268","barcode":"9300633952686"},
{"price":"2.9","name":"maggi soup for a cup instant soup chicken noodle 38g","description":"Volume size 4pack. Cup price $7.63 / 100g.","id":"265277","barcode":"9400556061240"},
{"price":"4.2","name":"countdown aioli","description":"Volume size 250mL. Cup price $1.68 / 100mL.","id":"567738","barcode":"9300633630751"},
{"price":"3.0","name":"diamond pasta penne wholemeal","description":"Volume size 500g. Cup price $0.60 / 100g.","id":"727950","barcode":"9400593002602"},
{"price":"2.3","name":"essentials cake mix vanilla","description":"Package type Packet. Volume size 340g. Cup price $0.68 / 100g.","id":"95263","barcode":"9300633952631"},
{"price":"1.95","name":"maggi side dish potato bake sour cream & chives","description":"Volume size 21g. Cup price $9.29 / 100g.","id":"579717","barcode":"9300605112841"},
{"price":"2.7","name":"pumped water apple flavoured","description":"Package type Sipper top. Volume size 750mL. Cup price $0.36 / 100mL.","id":"579718","barcode":"9300675071932"},
{"price":"3.0","name":"greggs ground nutmeg","description":"Package type Box. Volume size 40g. Cup price $0.75 / 10g.","id":"265283","barcode":""},
{"price":"1.95","name":"maggi side dish potato bake cream cheese & garlic","description":"Volume size 24g. Cup price $8.13 / 100g.","id":"579719","barcode":"9300605112834"},
{"price":"3.49","name":"glad micro oven bags large 350x500mm","description":"Volume size 3pack. Cup price $1.16 / 1ea.","id":"268795","barcode":"9415107217434"},
{"price":"4.5","name":"empire curry powder hot indian","description":"Volume size 100g. Cup price $0.45 / 10g.","id":"265286","barcode":""},
{"price":"2.49","name":"glad plastic wrap cling","description":"Package type Refill. Volume size 15m. Cup price $0.17 / 1m.","id":"268791","barcode":"9415107013920"},
{"price":"4.0","name":"passage to asia japanese teriyaki chicken stirfry sauce","description":"Volume size 200g. Cup price $2.00 / 100g.","id":"703375","barcode":"9334279001675"},
{"price":"2.0","name":"griffins snax crackers original","description":"Volume size 135g. Cup price $1.48 / 100g.","id":"775663","barcode":"9400553447405"},
{"price":"0.0","name":"greggs whole pickling spice","description":"Volume size 25g.","id":"296602","barcode":""},
{"price":"1.95","name":"maggi favourites recipe base butter chicken","description":"Volume size 27g. Cup price $7.22 / 100g.","id":"446485","barcode":"9400556015205"},
{"price":"3.0","name":"continental cup a soup instant soup chicken, corn & croutons 60g","description":"Volume size 2pack. Cup price $5.00 / 100g.","id":"166227","barcode":"9300667025059"},
{"price":"2.9","name":"highmark soy sauce salt reduced","description":"Volume size 300mL. Cup price $0.97 / 100mL.","id":"270694","barcode":"9415317061117"},
{"price":"1.79","name":"oak apricot halves in light syrup","description":"Package type Can. Volume size 410g. Cup price $0.44 / 100g.","id":"263926","barcode":"9400544002699"},
{"price":"1.4","name":"bluebird rashuns corn snacks cheese & bacon","description":"Volume size 120g. Cup price $1.17 / 100g.","id":"782516","barcode":"9400566007825"},
{"price":"1.4","name":"bluebird burger rings corn snacks full on flavour","description":"Volume size 120g. Cup price $1.17 / 100g.","id":"782515","barcode":"9400566007818"},
{"price":"5.0","name":"kleenex extra care tissues aloe vera","description":"Package type Box. Volume size 140pack. Cup price $3.57 / 100ss.","id":"32969","barcode":"9310088002997"},
{"price":"2.2","name":"double phoenix asian vermicelli green bean","description":"Volume size 250g. Cup price $0.88 / 100g.","id":"17568","barcode":"9310432160175"},
{"price":"2.8","name":"dole pineapple chunks in juice","description":"Package type Can. Volume size 432g. Cup price $0.65 / 100g.","id":"780101","barcode":"038900014759"},
{"price":"3.5","name":"mother earth fruit sticks apple & raspberry","description":"Package type 8pk. Volume size 152g. Cup price $2.30 / 100g.","id":"293101","barcode":"9416050901098"},
{"price":"3.6","name":"griffins chocolate biscuits fingers","description":"Volume size 180g. Cup price $2.00 / 100g.","id":"32710","barcode":"9400553455318"},
{"price":"2.5","name":"indomie instant noodles cup mi goreng","description":"Volume size 75g. Cup price $3.33 / 100g.","id":"358075","barcode":"089686180657"},
{"price":"5.0","name":"kleenex tissues white","description":"Package type Box. Volume size 250pack. Cup price $2.00 / 100ss.","id":"193613","barcode":"9310088001853"},
{"price":"2.5","name":"indomie instant noodles cup bbq chicken mi goreng","description":"Volume size 75g. Cup price $3.33 / 100g.","id":"358078","barcode":"089686180367"},
{"price":"2.0","name":"sparkling duet soft drink raspberry","description":"Volume size 1.5L. Cup price $0.13 / 100mL.","id":"271773","barcode":"9300624013792"},
{"price":"3.7","name":"monster ultra fiesta energy drink","description":"Package type Single can. Volume size 500mL. Cup price $0.74 / 100mL.","id":"187182","barcode":"9342866001052"},
{"price":"4.3","name":"huntley & palmers crackers sesameal rosemary & garlic","description":"Volume size 200g. Cup price $2.15 / 100g.","id":"312747","barcode":"9400553448914"},
{"price":"2.6","name":"sealord tuna & crackers lemon pepper","description":"Package type (6 crackers). Volume size 111g. Cup price $2.34 / 100g.","id":"236767","barcode":"9415022030088"},
{"price":"2.0","name":"sparkling duet soft drink lime","description":"Volume size 1.5L. Cup price $0.13 / 100mL.","id":"271776","barcode":"9300624011088"},
{"price":"3.0","name":"healtheries fruit tea peach & mango","description":"Package type Bags. Volume size 20pack.","id":"183819","barcode":"9400097043408"},
{"price":"2.4","name":"mutti tomatoes finely chopped","description":"Package type Can. Volume size 400g. Cup price $0.60 / 100g.","id":"344550","barcode":"80042556"},
{"price":"2.5","name":"nong shim instant noodles cup shin ramyun","description":"Volume size 68g. Cup price $3.68 / 100g.","id":"668740","barcode":"031146030996"},
{"price":"2.5","name":"real foods corn thins crispbread original","description":"Package type Bag. Volume size 150g. Cup price $1.67 / 100g.","id":"71422","barcode":"9322969000015"},
{"price":"3.2","name":"sunrice quick cups microwave rice fragrant jasmine","description":"Package type 125g each cup. Volume size 2pack. Cup price $1.28 / 100g.","id":"371052","barcode":""},
{"price":"2.5","name":"dole fruit salad mix in natural juice","description":"Package type Can. Volume size 432g. Cup price $0.58 / 100g.","id":"354718","barcode":"038900091934"},
{"price":"3.6","name":"highmark soy sauce dark","description":"Volume size 550mL. Cup price $0.65 / 100mL.","id":"270432","barcode":"9415317003131"},
{"price":"1.7","name":"countdown beans red kidney no added salt","description":"Package type Can. Volume size 420g. Cup price $0.40 / 100g.","id":"259401","barcode":"9300633951344"},
{"price":"1.7","name":"countdown lentils no added salt","description":"Package type Can. Volume size 420g. Cup price $0.40 / 100g.","id":"259400","barcode":""},
{"price":"3.0","name":"arnotts tim tam chocolate biscuits original","description":"Volume size 200g. Cup price $1.50 / 100g.","id":"36066","barcode":"9310072000282"},
{"price":"1.25","name":"aeroplane jelly original lime","description":"Volume size 85g. Cup price $1.47 / 100g.","id":"6092","barcode":"9300619501037"},
{"price":"3.7","name":"griffins meal mates crackers vegetable","description":"Volume size 230g. Cup price $1.61 / 100g.","id":"312714","barcode":""},
{"price":"4.5","name":"red seal fruit tea lemon & ginger hot and cold brew","description":"Volume size 20pack.","id":"823932","barcode":"9415991233060"},
{"price":"4.2","name":"sanitarium so good oat milk no added sugar","description":"Package type Carton. Volume size 1L. Cup price $0.42 / 100mL.","id":"120207","barcode":"9300652809985"},
{"price":"4.0","name":"ritz cracker bites cheddar cheese","description":"Volume size 160g. Cup price $2.50 / 100g.","id":"238738","barcode":"7622210571021"},
{"price":"3.0","name":"continental cup a soup instant soup hearty beef 55g","description":"Volume size 4pack. Cup price $5.45 / 100g.","id":"32928","barcode":"9300667004320"},
{"price":"1.7","name":"maggi soup french onion","description":"Package type Pkt. Volume size 29g. Cup price $5.86 / 100g.","id":"43821","barcode":"9400556007842"},
{"price":"3.0","name":"kleenex tissues soft n thick","description":"Volume size 120s. Cup price $2.50 / 100ss.","id":"278395","barcode":"9310088015935"},
{"price":"3.9","name":"greggs tomato sauce","description":"Package type Refill. Volume size 570g. Cup price $0.68 / 100g.","id":"187157","barcode":"9417986946047"},
{"price":"3.7","name":"griffins meal mates crackers original","description":"Volume size 230g. Cup price $1.61 / 100g.","id":"312722","barcode":""},
{"price":"2.0","name":"NZ natural sparkling water raspberry & lemon","description":"Volume size 1L. Cup price $0.20 / 100mL.","id":"792105","barcode":"9415767022331"},
{"price":"2.5","name":"ceres organics tomatoes organic chopped","description":"Volume size 400g. Cup price $0.63 / 100g.","id":"271991","barcode":"9415748021261"},
{"price":"1.7","name":"countdown beans 5 mix no added salt","description":"Package type Can. Volume size 420g. Cup price $0.40 / 100g.","id":"259402","barcode":"9300633951351"},
{"price":"3.2","name":"dollar sweets large patty pans assorted","description":"Volume size 100pack.","id":"147733","barcode":"9310331475806"},
{"price":"3.8","name":"huntley & palmers crackers somerset original","description":"Volume size 190g. Cup price $2.00 / 100g.","id":"312728","barcode":"9400553436126"},
{"price":"5.0","name":"tasti nut bars dark choc cranberry","description":"Package type 6pk. Volume size 210g. Cup price $2.38 / 100g.","id":"789182","barcode":"9403110062417"},
{"price":"3.0","name":"healtheries fruit tea superfruits","description":"Volume size 20pack.","id":"772354","barcode":"9400097040810"},
{"price":"4.99","name":"glad plastic wrap cling","description":"Package type Dispenser box. Volume size 30m. Cup price $0.17 / 1m.","id":"31601","barcode":"9415107036141"},
{"price":"3.0","name":"healtheries herbal tea bags rooibos vanilla","description":"Volume size 20pack.","id":"191892","barcode":"9400097036196"},
{"price":"1.4","name":"bluebird twisties corn snacks cheese","description":"Volume size 120g. Cup price $1.17 / 100g.","id":"782551","barcode":"9400566007801"},
{"price":"5.0","name":"dolmio extra pasta sauce bolognese","description":"Volume size 500g. Cup price $1.00 / 100g.","id":"758286","barcode":"9310012038771"},
{"price":"2.9","name":"watties tomatoes savoury","description":"Package type Can. Volume size 400g. Cup price $0.73 / 100g.","id":"40303","barcode":"9400547004874"},
{"price":"2.0","name":"twinings herbal infusions fruit tea lemon & ginger 15g","description":"Volume size 10pack.","id":"56290","barcode":"070177078959"},
{"price":"2.0","name":"fantastic instant noodles cup chicken","description":"Volume size 70g. Cup price $2.86 / 100g.","id":"62735","barcode":"9310155620505"},
{"price":"3.6","name":"kashish brown basmati rice","description":"Volume size 750g. Cup price $0.48 / 100g.","id":"221092","barcode":"9421903652980"},
{"price":"3.8","name":"eta ranch dressing","description":"Package type Btl. Volume size 250mL. Cup price $1.52 / 100mL.","id":"274853","barcode":"9400547020232"},
{"price":"2.0","name":"cerebos natural coarse sea salt","description":"Volume size 500g. Cup price $0.04 / 10g.","id":"321647","barcode":"9415187009318"},
{"price":"4.0","name":"bluebird burger rings corn snacks multipack 108g","description":"Volume size 6pack. Cup price $3.70 / 100g.","id":"199349","barcode":"9400566009997"},
{"price":"2.4","name":"sealord spreadables tuna spread smokey mayonnaise","description":"Package type Tear tab can. Volume size 90g. Cup price $2.67 / 100g.","id":"156850","barcode":"9415022033638"},
{"price":"3.0","name":"griffins chocolate biscuits roughs","description":"Package type Pkt. Volume size 200g. Cup price $1.50 / 100g.","id":"70126","barcode":"9400553456834"},
{"price":"1.7","name":"countdown tea bags black","description":"Volume size 25pack.","id":"669600","barcode":"9400597024051"},
{"price":"3.5","name":"mccoy fruit juice orange","description":"Volume size 1L. Cup price $0.35 / 100mL.","id":"270246","barcode":"9415767801028"},
{"price":"4.3","name":"arnotts crackers sesame wheat","description":"Package type Box. Volume size 250g. Cup price $1.72 / 100g.","id":"36035","barcode":"9310072000046"},
{"price":"3.4","name":"pascall mixtures fruit bursts","description":"Volume size 170g. Cup price $2.00 / 100g.","id":"819015","barcode":"9300617074434"},
{"price":"3.4","name":"pascall mints imperial","description":"Volume size 150g. Cup price $2.27 / 100g.","id":"819016","barcode":"9300617074403"},
{"price":"3.8","name":"arnotts creme filled monte carlo","description":"Volume size 250g. Cup price $1.52 / 100g.","id":"36031","barcode":"9310072001005"},
{"price":"3.0","name":"edgell corn creamed","description":"Package type Can. Volume size 420g. Cup price $0.71 / 100g.","id":"34094","barcode":"9310082158010"},
{"price":"2.0","name":"fantastic instant noodles cup beef","description":"Volume size 70g. Cup price $2.86 / 100g.","id":"62747","barcode":"9310155610506"},
{"price":"3.0","name":"biopak biostraws mixed colour 10mm x 197mm","description":"Volume size 20pack. Cup price $0.15 / 1ea.","id":"166893","barcode":"9344062058472"},
{"price":"4.2","name":"delmaine gherkins long sliced","description":"Volume size 480g. Cup price $0.88 / 100g.","id":"264805","barcode":"9416107520999"},
{"price":"2.3","name":"sunlight dishwash liquid lemon","description":"Volume size 500mL. Cup price $0.46 / 100mL.","id":"27571","barcode":"9333441005367"},
{"price":"2.0","name":"NZ natural sparkling water lime","description":"Volume size 1L. Cup price $0.20 / 100mL.","id":"802823","barcode":"9415767022317"},
{"price":"3.0","name":"tilda steamed rice mexican chilli & bean basmati","description":"Package type Pouch. Volume size 250g. Cup price $1.20 / 100g.","id":"271572","barcode":""},
{"price":"2.9","name":"countdown wholemeal flour","description":"Volume size 1.5kg. Cup price $1.93 / 1kg.","id":"282466","barcode":""},
{"price":"2.0","name":"NZ natural sparkling water mandarin & passionfruit","description":"Volume size 1L. Cup price $0.20 / 100mL.","id":"792124","barcode":"9415767022324"},
{"price":"3.3","name":"arnotts malt biscuits malt o milk","description":"Volume size 250g. Cup price $1.32 / 100g.","id":"36036","barcode":""},
{"price":"3.9","name":"rj\u2019s oddfellows strong mints","description":"Volume size 200g. Cup price $1.95 / 100g.","id":"280043","barcode":"9418315127175"},
{"price":"3.0","name":"healtheries sleep herbal tea with chamomile & blackcurrant","description":"Volume size 20pack.","id":"772337","barcode":"9400097040780"},
{"price":"3.8","name":"eta balsamic vinaigrette","description":"Volume size 250mL. Cup price $1.52 / 100mL.","id":"274848","barcode":"9400547024537"},
{"price":"4.2","name":"hansells all natural soup chicken & corn pouch","description":"Volume size 400g. Cup price $1.05 / 100g.","id":"750326","barcode":"9417986939933"},
{"price":"2.5","name":"countdown peas garden","description":"Package type Can. Volume size 420g. Cup price $0.60 / 100g.","id":"218931","barcode":"9300633904302"},
{"price":"3.7","name":"sealord tuna chunk style in oil","description":"Package type Can. Volume size 185g. Cup price $2.00 / 100g.","id":"270239","barcode":"9415022025275"},
{"price":"2.8","name":"essentials instant coffee granulated","description":"Volume size 90g. Cup price $3.11 / 100g.","id":"565701","barcode":"9400597020459"},
{"price":"3.0","name":"watties apricots halves in clear juice","description":"Package type Can. Volume size 410g. Cup price $0.73 / 100g.","id":"263944","barcode":"9400547012114"},
{"price":"0.0","name":"oak oak peach slices in syrup","description":"Package type Can. Volume size 410g.","id":"263943","barcode":""},
{"price":"3.0","name":"wattie's pasta sauce garlic","description":"Volume size 420g. Cup price $0.71 / 100g.","id":"279296","barcode":"9400547010691"},
{"price":"2.0","name":"countdown fruit salad in light syrup","description":"Package type Can. Volume size 415g. Cup price $0.48 / 100g.","id":"360199","barcode":"9300633150082"},
{"price":"3.0","name":"kleenex tissues aloe vera","description":"Package type Pocket packs. Volume size 6pack. Cup price $5.56 / 100ss.","id":"759362","barcode":""},
{"price":"3.0","name":"dyc malt vinegar","description":"Package type Btl. Volume size 750mL. Cup price $0.40 / 100mL.","id":"274833","barcode":"9400525200120"},
{"price":"0.0","name":"countdown beetroot whole baby","description":"Package type Can. Volume size 450g.","id":"574419","barcode":""},
{"price":"3.5","name":"ceres organics baked beans rich","description":"Volume size 420g. Cup price $0.83 / 100g.","id":"644325","barcode":"9415748011637"},
{"price":"2.2","name":"edgell beans red kidney no added salt","description":"Package type Can. Volume size 400g. Cup price $0.55 / 100g.","id":"772566","barcode":"9300462118406"},
{"price":"3.0","name":"tilda steamed rice brown basmati","description":"Package type Pouch. Volume size 250g. Cup price $1.20 / 100g.","id":"271568","barcode":""},
{"price":"1.7","name":"countdown corn sweet kernels","description":"Package type Can. Volume size 420g. Cup price $0.40 / 100g.","id":"218926","barcode":"9300633904241"},
{"price":"3.0","name":"tilda steamed rice coconut lemongrass basmati","description":"Package type Pouch. Volume size 250g. Cup price $1.20 / 100g.","id":"271569","barcode":"5011157888224"},
{"price":"1.8","name":"watties black beans in spring water","description":"Package type Can. Volume size 400g. Cup price $0.45 / 100g.","id":"412692","barcode":"9300657820305"},
{"price":"4.1","name":"stagg chili canned dinners pork with dynamite chilli bean","description":"Volume size 425g. Cup price $0.96 / 100g.","id":"808574","barcode":"071106843396"},
{"price":"1.5","name":"countdown diced tomatoes basil garlic & onion","description":"Package type Can. Volume size 400g. Cup price $0.38 / 100g.","id":"218924","barcode":"9300633904227"},
{"price":"3.49","name":"edmonds custard powder","description":"Package type Box. Volume size 300g. Cup price $1.16 / 100g.","id":"273747","barcode":"9414972100520"},
{"price":"2.9","name":"sun rice long grain rice premium white","description":"Volume size 1kg. Cup price $0.29 / 100g.","id":"36493","barcode":"9310140283807"},
{"price":"2.7","name":"pumped water watermelon","description":"Volume size 750mL. Cup price $0.36 / 100mL.","id":"101980","barcode":"9300675080682"},
{"price":"3.3","name":"arnotts plain biscuits scotch fingers","description":"Volume size 250g. Cup price $1.32 / 100g.","id":"36013","barcode":"9310072001777"},
{"price":"4.0","name":"homeliving scourers scrub me beautiful","description":"Volume size 2pack. Cup price $2.00 / 1ea.","id":"589906","barcode":""},
{"price":"3.0","name":"wattie's peaches sliced in clear fruit juice","description":"Package type Can. Volume size 410g. Cup price $0.73 / 100g.","id":"263932","barcode":"9400547009077"},
{"price":"3.0","name":"wattie's pasta sauce original","description":"Volume size 420g. Cup price $0.71 / 100g.","id":"279288","barcode":"9400547010653"},
{"price":"3.79","name":"dettol antibacterial liquid hand wash raspberry","description":"Package type Pump. Volume size 250mL. Cup price $1.52 / 100mL.","id":"758271","barcode":"9300701880866"},
{"price":"5.2","name":"delmaine gherkins baby","description":"Volume size 670g. Cup price $0.78 / 100g.","id":"705785","barcode":"9416107523648"},
{"price":"3.0","name":"wattie's fruit salad in clear fruit juice","description":"Package type Can. Volume size 410g. Cup price $0.73 / 100g.","id":"263935","barcode":"9400547009114"},
{"price":"2.4","name":"nice & natural nut bars roasted peanut & cashew","description":"Package type 6pk. Volume size 192g. Cup price $1.25 / 100g.","id":"830008","barcode":"9400563448607"},
{"price":"4.1","name":"eta coleslaw dressing","description":"Package type Jar. Volume size 400mL. Cup price $1.03 / 100mL.","id":"274822","barcode":"9400547019953"},
{"price":"3.9","name":"rj\u2019s oddfellows spearmints","description":"Volume size 200g. Cup price $1.95 / 100g.","id":"197154","barcode":"9418315127380"},
{"price":"4.1","name":"eta potato salad dressing","description":"Package type Jar. Volume size 400mL. Cup price $1.03 / 100mL.","id":"274825","barcode":"9400547019878"}]}